<?xml version="1.0" encoding="UTF-8"?>
<!DOCTYPE html PUBLIC "-//W3C//DTD XHTML 1.0 Transitional//EN"
    "http://www.w3.org/TR/xhtml1/DTD/xhtml1-transitional.dtd">
<html xmlns="http://www.w3.org/1999/xhtml" xml:lang="en" lang="en">
 <head>
  <title>
</title>
<meta http-equiv="Content-Type" content="text/html;charset=utf-8" />
  <meta name='ocr-system' content='tesseract 3.04.00' />
  <meta name='ocr-capabilities' content='ocr_page ocr_carea ocr_par ocr_line ocrx_word'/>
</head>
<body>
  <div class='ocr_page' id='page_1' title='image "./corpusdocumento05frgoog_0080.png"; bbox 0 0 3526 5522; ppageno 0'>
   <div class='ocr_carea' id='block_1_1' title="bbox 716 561 2211 626">
    <p class='ocr_par' dir='ltr' id='par_1_1' title="bbox 716 561 2211 626">
     <span class='ocr_line' id='line_1_1' title="bbox 716 561 2211 626; baseline 0.008 -12"><span class='ocrx_word' id='word_1_1' title='bbox 716 561 781 616; x_wconf 78' lang='lat'>24</span> <span class='ocrx_word' id='word_1_2' title='bbox 1675 571 1887 626; x_wconf 80' lang='lat' dir='ltr'>ANNO</span> <span class='ocrx_word' id='word_1_3' title='bbox 1926 573 2211 626; x_wconf 80' lang='lat'>1349-1350</span> 
     </span>
    </p>
   </div>
   <div class='ocr_carea' id='block_1_2' title="bbox 1362 847 2526 1491">
    <p class='ocr_par' dir='ltr' id='par_1_2' title="bbox 1365 847 2526 1161">
     <span class='ocr_line' id='line_1_2' title="bbox 1370 847 2526 921; baseline 0.01 -22"><span class='ocrx_word' id='word_1_4' title='bbox 1370 847 1470 907; x_wconf 86' lang='lat' dir='ltr'>Or,</span> <span class='ocrx_word' id='word_1_5' title='bbox 1507 851 1695 909; x_wconf 81' lang='lat' dir='ltr'>avant,</span> <span class='ocrx_word' id='word_1_6' title='bbox 1731 852 1896 902; x_wconf 82' lang='lat' dir='ltr'><strong>entre</strong></span> <span class='ocrx_word' id='word_1_7' title='bbox 1932 866 2075 904; x_wconf 80' lang='lat' dir='ltr'>nous</span> <span class='ocrx_word' id='word_1_8' title='bbox 2111 855 2223 906; x_wconf 82' lang='lat' dir='ltr'>tuit</span> <span class='ocrx_word' id='word_1_9' title='bbox 2240 855 2316 921; x_wconf 93' lang='lat'>(1)</span> <span class='ocrx_word' id='word_1_10' title='bbox 2349 857 2526 918; x_wconf 77' lang='lat' dir='ltr'>trere,</span> 
     </span>
     <span class='ocr_line' id='line_1_3' title="bbox 1365 929 2481 1002; baseline 0.009 -22"><span class='ocrx_word' id='word_1_11' title='bbox 1365 929 1578 981; x_wconf 74' lang='lat' dir='ltr'>Batons</span> <span class='ocrx_word' id='word_1_12' title='bbox 1614 945 1718 982; x_wconf 81' lang='lat' dir='ltr'>nos</span> <span class='ocrx_word' id='word_1_13' title='bbox 1754 932 2140 1000; x_wconf 76' lang='lat' dir='ltr'>charoingnes</span> <span class='ocrx_word' id='word_1_14' title='bbox 2174 937 2309 989; x_wconf 86' lang='lat' dir='ltr'>bien</span> <span class='ocrx_word' id='word_1_15' title='bbox 2342 940 2481 1002; x_wconf 74' lang='lat' dir='ltr'>fort,</span> 
     </span>
     <span class='ocr_line' id='line_1_4' title="bbox 1366 1011 2514 1082; baseline 0.01 -21"><span class='ocrx_word' id='word_1_16' title='bbox 1366 1011 1454 1062; x_wconf 88' lang='lat' dir='ltr'>En</span> <span class='ocrx_word' id='word_1_17' title='bbox 1490 1014 1880 1065; x_wconf 81' lang='lat' dir='ltr'>remembrant</span> <span class='ocrx_word' id='word_1_18' title='bbox 1909 1013 1969 1067; x_wconf 81' lang='lat' dir='ltr'>la</span> <span class='ocrx_word' id='word_1_19' title='bbox 2001 1019 2176 1082; x_wconf 78' lang='lat' dir='ltr'>grant</span> <span class='ocrx_word' id='word_1_20' title='bbox 2207 1019 2418 1072; x_wconf 81' lang='lat' dir='ltr'>misere</span> <span class='ocrx_word' id='word_1_21' title='bbox 2507 1037 2514 1044; x_wconf 85' lang='lat'><strong>·</strong></span> 
     </span>
     <span class='ocr_line' id='line_1_5' title="bbox 1367 1093 2294 1161; baseline 0.009 -17"><span class='ocrx_word' id='word_1_22' title='bbox 1367 1093 1452 1144; x_wconf 92' lang='lat' dir='ltr'>De</span> <span class='ocrx_word' id='word_1_23' title='bbox 1487 1094 1635 1146; x_wconf 86' lang='lat' dir='ltr'>Dieu</span> <span class='ocrx_word' id='word_1_24' title='bbox 1670 1098 1730 1146; x_wconf 87' lang='lat' dir='ltr'>et</span> <span class='ocrx_word' id='word_1_25' title='bbox 1765 1109 1830 1147; x_wconf 81' lang='lat' dir='ltr'>sa</span> <span class='ocrx_word' id='word_1_26' title='bbox 1861 1098 2087 1160; x_wconf 78' lang='lat' dir='ltr'>pitense</span> <span class='ocrx_word' id='word_1_27' title='bbox 2121 1102 2294 1161; x_wconf 85' lang='lat' dir='ltr'>mort,</span> 
     </span>
    </p>

    <p class='ocr_par' dir='ltr' id='par_1_3' title="bbox 1362 1173 2414 1326">
     <span class='ocr_line' id='line_1_6' title="bbox 1369 1173 2414 1245; baseline 0.011 -21"><span class='ocrx_word' id='word_1_28' title='bbox 1369 1173 1479 1233; x_wconf 91' lang='lat' dir='ltr'>Qui</span> <span class='ocrx_word' id='word_1_29' title='bbox 1512 1177 1601 1226; x_wconf 80' lang='lat' dir='ltr'>fut</span> <span class='ocrx_word' id='word_1_30' title='bbox 1634 1178 1797 1241; x_wconf 79' lang='lat' dir='ltr'>prins</span> <span class='ocrx_word' id='word_1_31' title='bbox 1833 1178 1903 1229; x_wconf 87' lang='lat' dir='ltr'>de</span> <span class='ocrx_word' id='word_1_32' title='bbox 1938 1177 1996 1230; x_wconf 82' lang='lat' dir='ltr'>la</span> <span class='ocrx_word' id='word_1_33' title='bbox 2028 1184 2170 1245; x_wconf 84' lang='lat' dir='ltr'>gent</span> <span class='ocrx_word' id='word_1_34' title='bbox 2202 1184 2414 1243; x_wconf 79' lang='lat' dir='ltr'>amere,</span> 
     </span>
     <span class='ocr_line' id='line_1_7' title="bbox 1362 1256 2240 1326; baseline 0.007 -18"><span class='ocrx_word' id='word_1_35' title='bbox 1362 1256 1439 1308; x_wconf 82' lang='lat' dir='ltr'>Et</span> <span class='ocrx_word' id='word_1_36' title='bbox 1470 1258 1688 1310; x_wconf 73' lang='lat' dir='ltr'>vendus</span> <span class='ocrx_word' id='word_1_37' title='bbox 1722 1261 1784 1310; x_wconf 79' lang='lat' dir='ltr'>et</span> <span class='ocrx_word' id='word_1_38' title='bbox 1817 1260 1999 1311; x_wconf 81' lang='lat' dir='ltr'>trahis</span> <span class='ocrx_word' id='word_1_39' title='bbox 2034 1262 2070 1312; x_wconf 66' lang='grc' dir='ltr'>ὁ,</span> <span class='ocrx_word' id='word_1_40' title='bbox 2103 1265 2240 1326; x_wconf 84' lang='lat' dir='ltr'>tort,</span> 
     </span>
    </p>

    <p class='ocr_par' dir='ltr' id='par_1_4' title="bbox 1366 1339 2475 1491">
     <span class='ocr_line' id='line_1_8' title="bbox 1368 1339 2475 1410; baseline 0.008 -20"><span class='ocrx_word' id='word_1_41' title='bbox 1368 1339 1444 1390; x_wconf 83' lang='lat' dir='ltr'>Et.</span> <span class='ocrx_word' id='word_1_42' title='bbox 1474 1340 1638 1391; x_wconf 85' lang='lat' dir='ltr'><strong>battu</strong></span> <span class='ocrx_word' id='word_1_43' title='bbox 1675 1355 1740 1392; x_wconf 82' lang='lat' dir='ltr'>sa</span> <span class='ocrx_word' id='word_1_44' title='bbox 1772 1342 1912 1393; x_wconf 81' lang='lat' dir='ltr'>char</span> <span class='ocrx_word' id='word_1_45' title='bbox 1946 1343 2144 1410; x_wconf 80' lang='lat' dir='ltr'>vierge</span> <span class='ocrx_word' id='word_1_46' title='bbox 2179 1347 2239 1398; x_wconf 85' lang='lat' dir='ltr'>et</span> <span class='ocrx_word' id='word_1_47' title='bbox 2271 1345 2426 1401; x_wconf 87' lang='lat' dir='ltr'>clere</span> <span class='ocrx_word' id='word_1_48' title='bbox 2462 1363 2475 1399; x_wconf 93' lang='lat'>:</span> 
     </span>
     <span class='ocr_line' id='line_1_9' title="bbox 1366 1420 2426 1491; baseline 0.008 -19"><span class='ocrx_word' id='word_1_49' title='bbox 1366 1420 1453 1474; x_wconf 88' lang='lat' dir='ltr'>Ou</span> <span class='ocrx_word' id='word_1_50' title='bbox 1489 1436 1623 1473; x_wconf 88' lang='lat' dir='ltr'>nom</span> <span class='ocrx_word' id='word_1_51' title='bbox 1657 1422 1728 1475; x_wconf 88' lang='lat' dir='ltr'>de</span> <span class='ocrx_word' id='word_1_52' title='bbox 1762 1438 1851 1484; x_wconf 84' lang='lat' dir='ltr'>oe,</span> <span class='ocrx_word' id='word_1_53' title='bbox 1889 1424 2091 1477; x_wconf 82' lang='lat' dir='ltr'>batons</span> <span class='ocrx_word' id='word_1_54' title='bbox 2124 1427 2255 1491; x_wconf 87' lang='lat' dir='ltr'><strong>plus</strong></span> <span class='ocrx_word' id='word_1_55' title='bbox 2288 1429 2426 1480; x_wconf 76' lang='lat' dir='ltr'>tort.</span> 
     </span>
    </p>
   </div>
   <div class='ocr_carea' id='block_1_3' title="bbox 1910 1551 2054 1605">
    <p class='ocr_par' dir='ltr' id='par_1_5' title="bbox 1910 1551 2054 1605">
     <span class='ocr_line' id='line_1_10' title="bbox 1910 1551 2054 1605; baseline -0.007 0"><span class='ocrx_word' id='word_1_56' title='bbox 1910 1551 2054 1605; x_wconf 75' lang='lat'>3.‘</span> 
     </span>
    </p>
   </div>
   <div class='ocr_carea' id='block_1_4' title="bbox 1356 1662 2498 2309">
    <p class='ocr_par' dir='ltr' id='par_1_6' title="bbox 1366 1662 2129 1732">
     <span class='ocr_line' id='line_1_11' title="bbox 1366 1662 2129 1732; baseline 0.003 -15"><span class='ocrx_word' id='word_1_57' title='bbox 1366 1663 1412 1717; x_wconf 92' lang='grc' dir='ltr'>Ο</span> <span class='ocrx_word' id='word_1_58' title='bbox 1450 1662 1653 1724; x_wconf 80' lang='lat' dir='ltr'>Maria,</span> <span class='ocrx_word' id='word_1_59' title='bbox 1689 1665 1890 1732; x_wconf 80' lang='lat' dir='ltr'>vierge</span> <span class='ocrx_word' id='word_1_60' title='bbox 1924 1680 2129 1732; x_wconf 84' lang='lat' dir='ltr'>royne,</span> 
     </span>
    </p>

    <p class='ocr_par' dir='ltr' id='par_1_7' title="bbox 1366 1744 2099 1816">
     <span class='ocr_line' id='line_1_12' title="bbox 1366 1744 2099 1816; baseline 0.005 -20"><span class='ocrx_word' id='word_1_61' title='bbox 1366 1744 1412 1797; x_wconf 94' lang='grc' dir='ltr'>Ο</span> <span class='ocrx_word' id='word_1_62' title='bbox 1451 1746 1663 1810; x_wconf 84' lang='lat' dir='ltr'>temple</span> <span class='ocrx_word' id='word_1_63' title='bbox 1697 1748 1770 1799; x_wconf 87' lang='lat' dir='ltr'>de</span> <span class='ocrx_word' id='word_1_64' title='bbox 1803 1749 2099 1816; x_wconf 75' lang='lat' dir='ltr'>virg-inite,</span> 
     </span>
    </p>

    <p class='ocr_par' dir='ltr' id='par_1_8' title="bbox 1367 1826 2163 1897">
     <span class='ocr_line' id='line_1_13' title="bbox 1367 1826 2163 1897; baseline 0.004 -17"><span class='ocrx_word' id='word_1_65' title='bbox 1367 1826 1414 1880; x_wconf 92' lang='grc' dir='ltr'><strong>Ο</strong></span> <span class='ocrx_word' id='word_1_66' title='bbox 1449 1827 1742 1894; x_wconf 81' lang='lat' dir='ltr'>glorieuse</span> <span class='ocrx_word' id='word_1_67' title='bbox 1777 1830 1917 1882; x_wconf 79' lang='lat' dir='ltr'>char</span> <span class='ocrx_word' id='word_1_68' title='bbox 1953 1831 2163 1897; x_wconf 79' lang='lat' dir='ltr'>divine,</span> 
     </span>
    </p>

    <p class='ocr_par' dir='ltr' id='par_1_9' title="bbox 1361 1910 2155 1975">
     <span class='ocr_line' id='line_1_14' title="bbox 1361 1910 2155 1975; baseline 0.006 -15"><span class='ocrx_word' id='word_1_69' title='bbox 1361 1910 1604 1974; x_wconf 87' lang='lat' dir='ltr'>Depriez</span> <span class='ocrx_word' id='word_1_70' title='bbox 1636 1925 1787 1975; x_wconf 87' lang='lat' dir='ltr'>pour</span> <span class='ocrx_word' id='word_1_71' title='bbox 1818 1913 2155 1965; x_wconf 75' lang='lat' dir='ltr'>orestiente!</span> 
     </span>
    </p>

    <p class='ocr_par' dir='ltr' id='par_1_10' title="bbox 1356 1990 2498 2226">
     <span class='ocr_line' id='line_1_15' title="bbox 1359 1990 2498 2065; baseline 0.009 -24"><span class='ocrx_word' id='word_1_72' title='bbox 1359 1990 1567 2044; x_wconf 84' lang='lat' dir='ltr'>Vostre</span> <span class='ocrx_word' id='word_1_73' title='bbox 1602 1992 1694 2044; x_wconf 83' lang='lat' dir='ltr'>filz</span> <span class='ocrx_word' id='word_1_74' title='bbox 1729 2007 1874 2045; x_wconf 79' lang='lat' dir='ltr'>nous</span> <span class='ocrx_word' id='word_1_75' title='bbox 1910 2008 1945 2046; x_wconf 77' lang='lat' dir='ltr'><strong>a</strong></span> <span class='ocrx_word' id='word_1_76' title='bbox 1977 1998 2205 2049; x_wconf 77' lang='lat' dir='ltr'>mentre</span> <span class='ocrx_word' id='word_1_77' title='bbox 2239 1996 2296 2049; x_wconf 88' lang='lat' dir='ltr'>le</span> <span class='ocrx_word' id='word_1_78' title='bbox 2331 1998 2498 2065; x_wconf 76' lang='lat' dir='ltr'>signe</span> 
     </span>
     <span class='ocr_line' id='line_1_16' title="bbox 1361 2073 2168 2140; baseline 0.007 -17"><span class='ocrx_word' id='word_1_79' title='bbox 1361 2073 1447 2124; x_wconf 89' lang='lat' dir='ltr'>De</span> <span class='ocrx_word' id='word_1_80' title='bbox 1482 2075 1659 2132; x_wconf 83' lang='lat' dir='ltr'>croix,</span> <span class='ocrx_word' id='word_1_81' title='bbox 1697 2089 1806 2140; x_wconf 78' lang='lat' dir='ltr'>par</span> <span class='ocrx_word' id='word_1_82' title='bbox 1837 2076 2168 2129; x_wconf 75' lang='lat' dir='ltr'>mortalite:</span> 
     </span>
     <span class='ocr_line' id='line_1_17' title="bbox 1356 2154 2381 2226; baseline 0.008 -21"><span class='ocrx_word' id='word_1_83' title='bbox 1356 2154 1758 2219; x_wconf 76' lang='lat' dir='ltr'>Rapaisiez-le,</span> <span class='ocrx_word' id='word_1_84' title='bbox 1797 2157 1960 2210; x_wconf 78' lang='lat' dir='ltr'>dame</span> <span class='ocrx_word' id='word_1_85' title='bbox 1996 2159 2264 2225; x_wconf 84' lang='lat' dir='ltr'>engeline</span> <span class='ocrx_word' id='word_1_86' title='bbox 2284 2161 2381 2226; x_wconf 79' lang='grc'>(2),</span> 
     </span>
    </p>

    <p class='ocr_par' dir='ltr' id='par_1_11' title="bbox 1356 2235 2434 2309">
     <span class='ocr_line' id='line_1_18' title="bbox 1356 2235 2434 2309; baseline 0.008 -22"><span class='ocrx_word' id='word_1_87' title='bbox 1356 2235 1431 2287; x_wconf 82' lang='lat' dir='ltr'>Et</span> <span class='ocrx_word' id='word_1_88' title='bbox 1461 2250 1671 2301; x_wconf 82' lang='lat' dir='ltr'>prenez</span> <span class='ocrx_word' id='word_1_89' title='bbox 1705 2239 1874 2291; x_wconf 82' lang='lat' dir='ltr'>notre</span> <span class='ocrx_word' id='word_1_90' title='bbox 1907 2254 2166 2306; x_wconf 82' lang='lat' dir='ltr'>penance</span> <span class='ocrx_word' id='word_1_91' title='bbox 2201 2256 2272 2294; x_wconf 86' lang='lat' dir='ltr'>en</span> <span class='ocrx_word' id='word_1_92' title='bbox 2309 2247 2434 2309; x_wconf 77' lang='lat' dir='ltr'>gre.</span> 
     </span>
    </p>
   </div>
   <div class='ocr_carea' id='block_1_5' title="bbox 1910 2368 2028 2418">
    <p class='ocr_par' dir='ltr' id='par_1_12' title="bbox 1910 2368 2028 2418">
     <span class='ocr_line' id='line_1_19' title="bbox 1910 2368 2028 2418; baseline 0 0"><span class='ocrx_word' id='word_1_93' title='bbox 1910 2368 2028 2418; x_wconf 73' lang='grc'>4.’</span> 
     </span>
    </p>
   </div>
   <div class='ocr_carea' id='block_1_6' title="bbox 1361 2476 2447 2709">
    <p class='ocr_par' dir='ltr' id='par_1_13' title="bbox 1361 2476 2447 2709">
     <span class='ocr_line' id='line_1_20' title="bbox 1363 2476 2403 2547; baseline 0.009 -18"><span class='ocrx_word' id='word_1_94' title='bbox 1363 2476 1409 2529; x_wconf 94' lang='grc' dir='ltr'>Ο</span> <span class='ocrx_word' id='word_1_95' title='bbox 1446 2491 1549 2543; x_wconf 84' lang='lat' dir='ltr'>roy</span> <span class='ocrx_word' id='word_1_96' title='bbox 1587 2479 1687 2530; x_wconf 81' lang='lat' dir='ltr'>des</span> <span class='ocrx_word' id='word_1_97' title='bbox 1722 2492 1878 2544; x_wconf 79' lang='lat' dir='ltr'>roys,</span> <span class='ocrx_word' id='word_1_98' title='bbox 1915 2480 2055 2532; x_wconf 79' lang='lat' dir='ltr'>char</span> <span class='ocrx_word' id='word_1_99' title='bbox 2087 2484 2403 2547; x_wconf 73' lang='lat' dir='ltr'>preoieuze‚</span> 
     </span>
     <span class='ocr_line' id='line_1_21' title="bbox 1361 2559 2447 2631; baseline 0.01 -22"><span class='ocrx_word' id='word_1_100' title='bbox 1361 2559 1551 2611; x_wconf 82' lang='lat' dir='ltr'>Dieux</span> <span class='ocrx_word' id='word_1_101' title='bbox 1586 2560 1786 2619; x_wconf 81' lang='lat' dir='ltr'>Feres,</span> <span class='ocrx_word' id='word_1_102' title='bbox 1823 2561 1963 2627; x_wconf 82' lang='lat' dir='ltr'>Filz,</span> <span class='ocrx_word' id='word_1_103' title='bbox 2000 2564 2156 2616; x_wconf 74' lang='lat' dir='ltr'>sains</span> <span class='ocrx_word' id='word_1_104' title='bbox 2191 2565 2447 2631; x_wconf 75' lang='lat' dir='ltr'>Esperis,</span> 
     </span>
     <span class='ocr_line' id='line_1_22' title="bbox 1363 2636 2428 2709; baseline 0.009 -22"><span class='ocrx_word' id='word_1_105' title='bbox 1363 2636 1568 2689; x_wconf 81' lang='lat' dir='ltr'>vostre</span> <span class='ocrx_word' id='word_1_106' title='bbox 1603 2638 1931 2692; x_wconf 77' lang='lat' dir='ltr'>sainctisme</span> <span class='ocrx_word' id='word_1_107' title='bbox 1964 2640 2105 2692; x_wconf 80' lang='lat' dir='ltr'>char</span> <span class='ocrx_word' id='word_1_108' title='bbox 2136 2642 2428 2709; x_wconf 86' lang='lat' dir='ltr'>glorieuse</span> 
     </span>
    </p>
   </div>
   <div class='ocr_carea' id='block_1_7' title="bbox 1357 2718 2490 3119">
    <p class='ocr_par' dir='ltr' id='par_1_14' title="bbox 1358 2718 2405 2941">
     <span class='ocr_line' id='line_1_23' title="bbox 1361 2718 2387 2792; baseline 0.009 -22"><span class='ocrx_word' id='word_1_109' title='bbox 1361 2718 1473 2771; x_wconf 82' lang='lat' dir='ltr'>Fut</span> <span class='ocrx_word' id='word_1_110' title='bbox 1505 2720 1730 2784; x_wconf 86' lang='lat' dir='ltr'>pendue</span> <span class='ocrx_word' id='word_1_111' title='bbox 1765 2735 1837 2774; x_wconf 88' lang='lat' dir='ltr'>en</span> <span class='ocrx_word' id='word_1_112' title='bbox 1871 2722 2033 2775; x_wconf 83' lang='lat' dir='ltr'>croix</span> <span class='ocrx_word' id='word_1_113' title='bbox 2065 2736 2173 2788; x_wconf 76' lang='lat' dir='ltr'>par</span> <span class='ocrx_word' id='word_1_114' title='bbox 2204 2725 2387 2792; x_wconf 77' lang='lat' dir='ltr'>Juits3</span> 
     </span>
     <span class='ocr_line' id='line_1_24' title="bbox 1358 2800 2405 2871; baseline 0.011 -21"><span class='ocrx_word' id='word_1_115' title='bbox 1358 2800 1435 2851; x_wconf 83' lang='lat' dir='ltr'>Et</span> <span class='ocrx_word' id='word_1_116' title='bbox 1468 2800 1525 2852; x_wconf 65' lang='lat' dir='ltr'>lo.</span> <span class='ocrx_word' id='word_1_117' title='bbox 1545 2803 1635 2853; x_wconf 74' lang='lat' dir='ltr'>fut</span> <span class='ocrx_word' id='word_1_118' title='bbox 1666 2805 1821 2868; x_wconf 75' lang='lat' dir='ltr'>grief</span> <span class='ocrx_word' id='word_1_119' title='bbox 1838 2804 1913 2871; x_wconf 90' lang='lat'>(3)</span> <span class='ocrx_word' id='word_1_120' title='bbox 1948 2807 2008 2857; x_wconf 82' lang='lat' dir='ltr'>et</span> <span class='ocrx_word' id='word_1_121' title='bbox 2042 2806 2405 2871; x_wconf 76' lang='lat' dir='ltr'>douloreuse,</span> 
     </span>
     <span class='ocr_line' id='line_1_25' title="bbox 1363 2881 2171 2941; baseline 0.01 -9"><span class='ocrx_word' id='word_1_122' title='bbox 1363 2881 1473 2932; x_wconf 80' lang='lat' dir='ltr'>Car</span> <span class='ocrx_word' id='word_1_123' title='bbox 1506 2884 1581 2934; x_wconf 88' lang='lat' dir='ltr'>du</span> <span class='ocrx_word' id='word_1_124' title='bbox 1616 2886 1768 2936; x_wconf 80' lang='lat' dir='ltr'>saint</span> <span class='ocrx_word' id='word_1_125' title='bbox 1804 2900 1939 2938; x_wconf 77' lang='lat' dir='ltr'>sano</span> <span class='ocrx_word' id='word_1_126' title='bbox 1971 2887 2171 2941; x_wconf 75' lang='lat' dir='ltr'>beneis</span> 
     </span>
    </p>

    <p class='ocr_par' dir='ltr' id='par_1_15' title="bbox 1357 2964 2490 3119">
     <span class='ocr_line' id='line_1_26' title="bbox 1357 2964 2490 3026; baseline 0.008 -9"><span class='ocrx_word' id='word_1_127' title='bbox 1357 2964 1471 3017; x_wconf 78' lang='lat' dir='ltr'>Fut</span> <span class='ocrx_word' id='word_1_128' title='bbox 1502 2964 1560 3015; x_wconf 81' lang='lat' dir='ltr'>la</span> <span class='ocrx_word' id='word_1_129' title='bbox 1593 2967 1753 3018; x_wconf 81' lang='lat' dir='ltr'>croix</span> <span class='ocrx_word' id='word_1_130' title='bbox 1787 2969 2084 3022; x_wconf 82' lang='lat' dir='ltr'>vermeille</span> <span class='ocrx_word' id='word_1_131' title='bbox 2118 2973 2178 3023; x_wconf 84' lang='lat' dir='ltr'>et</span> <span class='ocrx_word' id='word_1_132' title='bbox 2210 2971 2490 3026; x_wconf 75' lang='lat' dir='ltr'>bidense:</span> 
     </span>
     <span class='ocr_line' id='line_1_27' title="bbox 1359 3046 2451 3119; baseline 0.008 -23"><span class='ocrx_word' id='word_1_133' title='bbox 1359 3046 1548 3098; x_wconf 77' lang='lat' dir='ltr'>Loons</span> <span class='ocrx_word' id='word_1_134' title='bbox 1584 3047 1754 3113; x_wconf 77' lang='lat' dir='ltr'>Dion,</span> <span class='ocrx_word' id='word_1_135' title='bbox 1780 3051 1840 3101; x_wconf 82' lang='lat' dir='ltr'>et</span> <span class='ocrx_word' id='word_1_136' title='bbox 1871 3051 2077 3103; x_wconf 70' lang='lat' dir='ltr'>hatone</span> <span class='ocrx_word' id='word_1_137' title='bbox 2112 3067 2217 3104; x_wconf 83' lang='lat' dir='ltr'>noz</span> <span class='ocrx_word' id='word_1_138' title='bbox 2249 3055 2338 3119; x_wconf 81' lang='lat' dir='ltr'>pis</span> <span class='ocrx_word' id='word_1_139' title='bbox 2357 3054 2451 3119; x_wconf 82' lang='lat'>(4).</span> 
     </span>
    </p>
   </div>
   <div class='ocr_carea' id='block_1_8' title="bbox 1902 3179 1966 3231">
    <p class='ocr_par' dir='ltr' id='par_1_16' title="bbox 1902 3179 1966 3231">
     <span class='ocr_line' id='line_1_28' title="bbox 1902 3179 1966 3231; baseline -0.047 0"><span class='ocrx_word' id='word_1_140' title='bbox 1902 3179 1966 3231; x_wconf 83' lang='lat'>5.</span> 
     </span>
    </p>
   </div>
   <div class='ocr_carea' id='block_1_9' title="bbox 1351 3290 2591 3939">
    <p class='ocr_par' dir='ltr' id='par_1_17' title="bbox 1359 3290 2359 3350">
     <span class='ocr_line' id='line_1_29' title="bbox 1359 3290 2359 3350; baseline 0.009 -9"><span class='ocrx_word' id='word_1_141' title='bbox 1359 3290 1452 3349; x_wconf 85' lang='lat' dir='ltr'>Et,</span> <span class='ocrx_word' id='word_1_142' title='bbox 1489 3304 1562 3342; x_wconf 89' lang='lat' dir='ltr'>en</span> <span class='ocrx_word' id='word_1_143' title='bbox 1596 3290 1655 3343; x_wconf 76' lang='lat' dir='ltr'>la</span> <span class='ocrx_word' id='word_1_144' title='bbox 1689 3290 1893 3344; x_wconf 84' lang='lat' dir='ltr'>douloe</span> <span class='ocrx_word' id='word_1_145' title='bbox 1927 3295 2359 3350; x_wconf 71' lang='lat' dir='ltr'>remembranoe</span> 
     </span>
    </p>

    <p class='ocr_par' dir='ltr' id='par_1_18' title="bbox 1355 3371 2280 3440">
     <span class='ocr_line' id='line_1_30' title="bbox 1355 3371 2280 3440; baseline 0.01 -18"><span class='ocrx_word' id='word_1_146' title='bbox 1355 3371 1444 3423; x_wconf 90' lang='lat' dir='ltr'>De</span> <span class='ocrx_word' id='word_1_147' title='bbox 1478 3386 1544 3425; x_wconf 86' lang='lat' dir='ltr'>oe</span> <span class='ocrx_word' id='word_1_148' title='bbox 1578 3386 1690 3436; x_wconf 87' lang='lat' dir='ltr'>que</span> <span class='ocrx_word' id='word_1_149' title='bbox 1724 3375 1787 3425; x_wconf 86' lang='lat' dir='ltr'>tu</span> <span class='ocrx_word' id='word_1_150' title='bbox 1820 3376 1948 3427; x_wconf 77' lang='lat' dir='ltr'>teus</span> <span class='ocrx_word' id='word_1_151' title='bbox 1983 3376 2280 3440; x_wconf 70' lang='lat' dir='ltr'>abenvmz,</span> 
     </span>
    </p>

    <p class='ocr_par' dir='ltr' id='par_1_19' title="bbox 1353 3453 2591 3687">
     <span class='ocr_line' id='line_1_31' title="bbox 1358 3453 2407 3527; baseline 0.008 -21"><span class='ocrx_word' id='word_1_152' title='bbox 1358 3454 1511 3506; x_wconf 84' lang='lat' dir='ltr'>Avec</span> <span class='ocrx_word' id='word_1_153' title='bbox 1545 3453 1601 3506; x_wconf 90' lang='lat' dir='ltr'>le</span> <span class='ocrx_word' id='word_1_154' title='bbox 1633 3468 1851 3507; x_wconf 86' lang='lat' dir='ltr'>orueux</span> <span class='ocrx_word' id='word_1_155' title='bbox 1885 3470 1988 3521; x_wconf 85' lang='lat' dir='ltr'>oop</span> <span class='ocrx_word' id='word_1_156' title='bbox 2026 3458 2097 3510; x_wconf 88' lang='lat' dir='ltr'>de</span> <span class='ocrx_word' id='word_1_157' title='bbox 2131 3459 2191 3511; x_wconf 87' lang='lat' dir='ltr'>la</span> <span class='ocrx_word' id='word_1_158' title='bbox 2222 3460 2407 3527; x_wconf 83' lang='lat' dir='ltr'>lance,</span> 
     </span>
     <span class='ocr_line' id='line_1_32' title="bbox 1356 3534 2591 3612; baseline 0.01 -26"><span class='ocrx_word' id='word_1_159' title='bbox 1356 3534 1556 3587; x_wconf 74' lang='lat' dir='ltr'>D’aisil</span> <span class='ocrx_word' id='word_1_160' title='bbox 1574 3537 1670 3599; x_wconf 87' lang='lat'>(5),</span> <span class='ocrx_word' id='word_1_161' title='bbox 1707 3551 1741 3587; x_wconf 92' lang='lat' dir='ltr'>o</span> <span class='ocrx_word' id='word_1_162' title='bbox 1759 3536 1836 3603; x_wconf 85' lang='lat'>(6)</span> <span class='ocrx_word' id='word_1_163' title='bbox 1871 3539 1968 3591; x_wconf 87' lang='lat' dir='ltr'>fiel</span> <span class='ocrx_word' id='word_1_164' title='bbox 2000 3541 2092 3591; x_wconf 74' lang='lat' dir='ltr'>fut</span> <span class='ocrx_word' id='word_1_165' title='bbox 2126 3541 2480 3609; x_wconf 78' lang='lat' dir='ltr'>destrampez</span> <span class='ocrx_word' id='word_1_166' title='bbox 2499 3544 2591 3612; x_wconf 85' lang='grc'>(7),</span> 
     </span>
     <span class='ocr_line' id='line_1_33' title="bbox 1353 3616 2337 3687; baseline 0.011 -20"><span class='ocrx_word' id='word_1_167' title='bbox 1353 3616 1534 3668; x_wconf 72' lang='lat' dir='ltr'>Alone</span> <span class='ocrx_word' id='word_1_168' title='bbox 1568 3618 1604 3668; x_wconf 66' lang='grc' dir='ltr'>ὁ,</span> <span class='ocrx_word' id='word_1_169' title='bbox 1635 3618 1889 3684; x_wconf 83' lang='lat' dir='ltr'>genoulx</span> <span class='ocrx_word' id='word_1_170' title='bbox 1922 3634 2028 3685; x_wconf 78' lang='lat' dir='ltr'>par</span> <span class='ocrx_word' id='word_1_171' title='bbox 2061 3636 2337 3687; x_wconf 56' lang='lat' dir='ltr'>penanoe„</span> 
     </span>
    </p>

    <p class='ocr_par' dir='ltr' id='par_1_20' title="bbox 1355 3699 2370 3768">
     <span class='ocr_line' id='line_1_34' title="bbox 1355 3699 2370 3768; baseline 0.011 -20"><span class='ocrx_word' id='word_1_172' title='bbox 1355 3699 1545 3749; x_wconf 85' lang='lat' dir='ltr'>Loons</span> <span class='ocrx_word' id='word_1_173' title='bbox 1580 3699 1747 3760; x_wconf 88' lang='lat' dir='ltr'>Dieu,</span> <span class='ocrx_word' id='word_1_174' title='bbox 1784 3714 1883 3752; x_wconf 82' lang='lat' dir='ltr'>vos</span> <span class='ocrx_word' id='word_1_175' title='bbox 1915 3703 2049 3754; x_wconf 80' lang='lat' dir='ltr'>bras</span> <span class='ocrx_word' id='word_1_176' title='bbox 2084 3707 2370 3768; x_wconf 77' lang='lat' dir='ltr'>estandez‚</span> 
     </span>
    </p>

    <p class='ocr_par' dir='ltr' id='par_1_21' title="bbox 1351 3779 2567 3939">
     <span class='ocr_line' id='line_1_35' title="bbox 1352 3779 2410 3847; baseline 0.013 -16"><span class='ocrx_word' id='word_1_177' title='bbox 1352 3779 1444 3840; x_wconf 83' lang='lat' dir='ltr'>Et,</span> <span class='ocrx_word' id='word_1_178' title='bbox 1482 3794 1555 3833; x_wconf 88' lang='lat' dir='ltr'>en</span> <span class='ocrx_word' id='word_1_179' title='bbox 1588 3780 1829 3833; x_wconf 82' lang='lat' dir='ltr'>l’amour</span> <span class='ocrx_word' id='word_1_180' title='bbox 1863 3784 1934 3837; x_wconf 87' lang='lat' dir='ltr'>de</span> <span class='ocrx_word' id='word_1_181' title='bbox 1970 3798 2036 3836; x_wconf 80' lang='lat' dir='ltr'>sa</span> <span class='ocrx_word' id='word_1_182' title='bbox 2068 3788 2410 3847; x_wconf 69' lang='lat' dir='ltr'>soum-auce,</span> 
     </span>
     <span class='ocr_line' id='line_1_36' title="bbox 1351 3862 2567 3939; baseline 0.01 -27"><span class='ocrx_word' id='word_1_183' title='bbox 1351 3862 1576 3914; x_wconf 78' lang='lat' dir='ltr'>Cheons</span> <span class='ocrx_word' id='word_1_184' title='bbox 1609 3864 1702 3928; x_wconf 84' lang='lat' dir='ltr'>jus</span> <span class='ocrx_word' id='word_1_185' title='bbox 1720 3862 1797 3931; x_wconf 90' lang='lat'>(8)</span> <span class='ocrx_word' id='word_1_186' title='bbox 1834 3877 1905 3917; x_wconf 90' lang='lat' dir='ltr'>en</span> <span class='ocrx_word' id='word_1_187' title='bbox 1938 3868 2102 3919; x_wconf 83' lang='lat' dir='ltr'>croix</span> <span class='ocrx_word' id='word_1_188' title='bbox 2139 3870 2173 3920; x_wconf 70' lang='grc' dir='ltr'>ἑ,</span> <span class='ocrx_word' id='word_1_189' title='bbox 2205 3871 2335 3922; x_wconf 77' lang='lat' dir='ltr'>tous</span> <span class='ocrx_word' id='word_1_190' title='bbox 2369 3871 2455 3925; x_wconf 84' lang='lat' dir='ltr'>lez</span> <span class='ocrx_word' id='word_1_191' title='bbox 2474 3872 2567 3939; x_wconf 90' lang='lat'>(9).</span> 
     </span>
    </p>
   </div>
   <div class='ocr_carea' id='block_1_10' title="bbox 699 3987 3139 4020">
    <p class='ocr_par' dir='ltr' id='par_1_22' title="bbox 699 3987 3139 4020">
     <span class='ocr_line' id='line_1_37' title="bbox 699 3987 3139 4020; baseline 0 1502"><span class='ocrx_word' id='word_1_192' title='bbox 699 3987 3139 4020; x_wconf 95' lang='lat' dir='ltr'> </span> 
     </span>
    </p>
   </div>
   <div class='ocr_carea' id='block_1_11' title="bbox 753 4051 1845 4736">
    <p class='ocr_par' dir='ltr' id='par_1_23' title="bbox 761 4051 1224 4115">
     <span class='ocr_line' id='line_1_38' title="bbox 761 4051 1224 4115; baseline 0.006 -14"><span class='ocrx_word' id='word_1_193' title='bbox 761 4052 835 4114; x_wconf 94' lang='lat' dir='ltr'>(l)</span> <span class='ocrx_word' id='word_1_194' title='bbox 880 4051 1025 4115; x_wconf 80' lang='lat' dir='ltr'>Tuit,</span> <span class='ocrx_word' id='word_1_195' title='bbox 1052 4051 1224 4105; x_wconf 76' lang='lat' dir='ltr'>allen.</span> 
     </span>
    </p>

    <p class='ocr_par' dir='ltr' id='par_1_24' title="bbox 757 4127 1845 4276">
     <span class='ocr_line' id='line_1_39' title="bbox 758 4127 1845 4201; baseline 0.01 -24"><span class='ocrx_word' id='word_1_196' title='bbox 758 4129 832 4192; x_wconf 80' lang='lat'>(2)</span> <span class='ocrx_word' id='word_1_197' title='bbox 870 4127 1049 4183; x_wconf 80' lang='lat' dir='ltr'>Dame</span> <span class='ocrx_word' id='word_1_198' title='bbox 1072 4130 1345 4195; x_wconf 66' lang='lat' dir='ltr'>ermelina,</span> <span class='ocrx_word' id='word_1_199' title='bbox 1373 4147 1569 4185; x_wconf 81' lang='lat' dir='ltr'>vrouw</span> <span class='ocrx_word' id='word_1_200' title='bbox 1593 4135 1845 4201; x_wconf 85' lang='lat' dir='ltr'>engelin.</span> 
     </span>
     <span class='ocr_line' id='line_1_40' title="bbox 757 4205 1356 4276; baseline 0.005 -20"><span class='ocrx_word' id='word_1_201' title='bbox 757 4206 833 4269; x_wconf 88' lang='lat'>(3)</span> <span class='ocrx_word' id='word_1_202' title='bbox 872 4205 1054 4275; x_wconf 76' lang='lat' dir='ltr'>Grief,</span> <span class='ocrx_word' id='word_1_203' title='bbox 1080 4206 1356 4276; x_wconf 83' lang='lat' dir='ltr'>ellendig.</span> 
     </span>
    </p>

    <p class='ocr_par' dir='ltr' id='par_1_25' title="bbox 756 4283 1199 4346">
     <span class='ocr_line' id='line_1_41' title="bbox 756 4283 1199 4346; baseline 0 -13"><span class='ocrx_word' id='word_1_204' title='bbox 756 4283 830 4346; x_wconf 83' lang='lat'>(4)</span> <span class='ocrx_word' id='word_1_205' title='bbox 865 4283 991 4343; x_wconf 71' lang='lat' dir='ltr'>Pis,</span> <span class='ocrx_word' id='word_1_206' title='bbox 1015 4284 1199 4336; x_wconf 84' lang='lat' dir='ltr'>borst.</span> 
     </span>
    </p>

    <p class='ocr_par' dir='ltr' id='par_1_26' title="bbox 759 4360 1231 4427">
     <span class='ocr_line' id='line_1_42' title="bbox 759 4360 1231 4427; baseline 0.008 -17"><span class='ocrx_word' id='word_1_207' title='bbox 759 4362 834 4426; x_wconf 85' lang='lat'>(5)</span> <span class='ocrx_word' id='word_1_208' title='bbox 870 4360 1037 4423; x_wconf 68' lang='lat' dir='ltr'>Aisa,</span> <span class='ocrx_word' id='word_1_209' title='bbox 1064 4363 1231 4427; x_wconf 72' lang='lat' dir='ltr'>azijn.</span> 
     </span>
    </p>

    <p class='ocr_par' dir='ltr' id='par_1_27' title="bbox 753 4438 1193 4503">
     <span class='ocr_line' id='line_1_43' title="bbox 753 4438 1193 4503; baseline 0.005 -15"><span class='ocrx_word' id='word_1_210' title='bbox 753 4438 827 4503; x_wconf 88' lang='lat'>(6)</span> <span class='ocrx_word' id='word_1_211' title='bbox 866 4438 928 4499; x_wconf 87' lang='grc'>0,</span> <span class='ocrx_word' id='word_1_212' title='bbox 956 4440 1193 4491; x_wconf 69' lang='lat' dir='ltr'>waurin.</span> 
     </span>
    </p>

    <p class='ocr_par' dir='ltr' id='par_1_28' title="bbox 753 4514 1581 4587">
     <span class='ocr_line' id='line_1_44' title="bbox 753 4514 1581 4587; baseline 0.007 -21"><span class='ocrx_word' id='word_1_213' title='bbox 753 4516 828 4580; x_wconf 84' lang='grc'>(7)</span> <span class='ocrx_word' id='word_1_214' title='bbox 862 4514 1248 4585; x_wconf 68' lang='grc' dir='ltr'>Βεείνανηρει,</span> <span class='ocrx_word' id='word_1_215' title='bbox 1274 4523 1581 4587; x_wconf 84' lang='lat' dir='ltr'>gemengd.</span> 
     </span>
    </p>

    <p class='ocr_par' dir='ltr' id='par_1_29' title="bbox 756 4591 1756 4736">
     <span class='ocr_line' id='line_1_45' title="bbox 756 4591 1756 4664; baseline 0.011 -22"><span class='ocrx_word' id='word_1_216' title='bbox 756 4592 830 4658; x_wconf 89' lang='grc'>(8)</span> <span class='ocrx_word' id='word_1_217' title='bbox 868 4591 1203 4662; x_wconf 64' lang='lat' dir='ltr'>Gheonsjm,</span> <span class='ocrx_word' id='word_1_218' title='bbox 1229 4596 1414 4649; x_wconf 70' lang='lat' dir='ltr'>vollen</span> <span class='ocrx_word' id='word_1_219' title='bbox 1441 4601 1532 4664; x_wconf 68' lang='lat' dir='ltr'>wij</span> <span class='ocrx_word' id='word_1_220' title='bbox 1559 4602 1756 4653; x_wconf 85' lang='lat' dir='ltr'>neder.</span> 
     </span>
     <span class='ocr_line' id='line_1_46' title="bbox 758 4670 1634 4736; baseline 0.01 -16"><span class='ocrx_word' id='word_1_221' title='bbox 758 4671 832 4736; x_wconf 83' lang='grc'>(9)</span> <span class='ocrx_word' id='word_1_222' title='bbox 865 4670 914 4726; x_wconf 79' lang='grc' dir='ltr'><strong><em>Δ</em></strong></span> <span class='ocrx_word' id='word_1_223' title='bbox 939 4678 1062 4726; x_wconf 73' lang='lat' dir='ltr'>tous</span> <span class='ocrx_word' id='word_1_224' title='bbox 1083 4672 1190 4735; x_wconf 69' lang='lat' dir='ltr'>kz,</span> <span class='ocrx_word' id='word_1_225' title='bbox 1219 4676 1276 4727; x_wconf 84' lang='lat' dir='ltr'>te</span> <span class='ocrx_word' id='word_1_226' title='bbox 1299 4674 1450 4729; x_wconf 76' lang='lat' dir='ltr'>allen</span> <span class='ocrx_word' id='word_1_227' title='bbox 1476 4678 1634 4729; x_wconf 83' lang='lat' dir='ltr'>kant.</span> 
     </span>
    </p>
   </div>
  </div>
 </body>
</html>
