3526 5522
741 580 838 633 148
1769 577 1972 632 ANNO
2007 578 2135 629 1487
2209 591 2216 599 ·

733 745 794 797 in
829 744 980 797 hunc
1013 746 1243 798 modum
1267 760 1282 798 ε
1321 766 1346 788 α
1373 744 1814 807 MaximilianuS,
1840 744 2030 797 divina
2051 745 2277 797 tavente
2298 743 2600 798 clementia
2623 743 3012 796 Romanorum
3043 757 3157 799 rex.

736 840 963 894 semper
984 828 1275 895 augustus,
1303 828 1574 880 archidux
1607 827 1858 891 Austris,
1889 828 2002 879 dux
2038 828 2386 895 Burgundie,
2413 827 2803 894 Lotharingie,
2834 826 3158 885 Brabancie,

735 910 1083 976 Limburgie,
1104 910 1518 978 Lutzenburgie
1536 912 1596 963 et
1617 909 1830 971 Gelrie,
1849 925 2039 964 comes
2061 908 2349 974 mandrie,
2376 933 2402 958 η
2421 912 2552 976 etc.;
2578 910 2707 961 finis
2724 922 2858 963 vero
2879 930 2893 961 ε
2918 928 2946 953 u
2966 908 3161 961 Datum

734 993 795 1045 in
832 992 1037 1058 oppido
1061 993 1255 1044 nostro
1282 990 1655 1053 Bruxellensi,
1679 994 1876 1045 nostro
1901 994 2004 1045 sub
2038 992 2251 1060 sigillo,
2278 992 2487 1045 mensis
2510 992 2848 1045 Novembris
2870 990 2968 1044 die
2989 992 3158 1049 sexta,

737 1089 886 1128 anno
931 1075 1157 1127 Domini
1197 1073 1497 1127 millesimo
1537 1075 2097 1142 quadringentesimo
2144 1076 2527 1142 octuagesimo
2567 1076 2751 1138 sexto,
2789 1075 2959 1142 regni
2992 1073 3161 1126 nostri

737 1171 887 1210 anno
904 1157 1108 1225 primo.
1136 1181 1163 1204 .-

800 1239 887 1293 De
902 1241 963 1293 et
982 1254 1157 1307 super
1175 1241 1383 1306 quibus
1417 1240 1711 1306 premissis
1735 1239 1997 1293 omnibus
2031 1242 2091 1294 et
2122 1240 2366 1309 singulis
2399 1239 2698 1293 iamdictus
2732 1238 3076 1294 venerabilis
3108 1241 3164 1293 et

730 1323 1037 1391 religiosus
1052 1323 1235 1376 trater
1256 1323 1581 1383 Heinricus,
1616 1322 1943 1389 inquisitor,
1969 1336 2073 1389 pro
2099 1337 2162 1377 se
2184 1325 2244 1377 et
2276 1322 2501 1391 collega
2521 1337 2624 1375 suo
2649 1323 2936 1376 antedicto
2954 1323 3112 1389 ipsis,
3129 1338 3161 1375 a

729 1420 838 1474 me,
858 1406 1081 1458 notario
1103 1405 1354 1472 publico,
1377 1420 1569 1471 supra-
1589 1406 1649 1459 et
1665 1406 2031 1472 infrascripto
2052 1406 2180 1460 fleri
2200 1406 2260 1459 et
2280 1407 2484 1459 confici
2501 1420 2677 1459 unum
2694 1406 2784 1459 vel
2802 1404 2974 1473 plura
2989 1406 3159 1472 publi·

731 1503 861 1541 cum
893 1502 994 1542 seu
1013 1487 1240 1555 publica
1261 1489 1701 1542 instrumentum
1724 1490 1784 1541 et
1807 1489 2190 1542 instrumenta
2212 1489 2270 1541 in
2296 1488 2523 1541 meliori
2546 1490 2732 1542 torma
2752 1490 2939 1555 petiit.

798 1573 943 1625 Acta
958 1574 1092 1624 sunt
1111 1571 1218 1624 hec
1241 1571 1476 1625 Colonie
1498 1571 1558 1624 in
1576 1573 1744 1623 domo
1770 1572 2136 1624 habitationis
2154 1571 2494 1625 venerabilis
2511 1571 2771 1639 magistri
2789 1572 3078 1626 Lamberti
3098 1574 3163 1625 de

732 1655 927 1708 Monte
949 1655 1212 1720 predicti,
1236 1656 1390 1707 intra
1430 1655 1801 1707 emunitatem
1823 1653 2065 1708 ecclesie
2092 1655 2284 1707 Sancti
2305 1654 2534 1707 Andree
2558 1654 2915 1708 coloniensis
2954 1656 3084 1714 sita,
3109 1655 3163 1706 in

732 1751 959 1790 camera
981 1738 1352 1804 negociorum
1372 1738 1432 1790 et
1452 1737 1626 1789 studii
1663 1737 1919 1790 eiusdem
1953 1737 2213 1805 magistri
2251 1737 2542 1790 Lamberti
2572 1737 2836 1799 interius,
2876 1738 2983 1791 sub
3025 1752 3165 1790 anno

734 1820 980 1880 Domini,
1005 1819 1334 1880 indictione,
1356 1834 1570 1882 mense,
1591 1820 1705 1884 die,
1736 1820 1895 1872 horis
1918 1822 1978 1873 et
2001 1821 2337 1886 pontificatu
2356 1820 2561 1885 quibus
2595 1834 2786 1886 supra,
2807 1820 3164 1886 presentibus

733 1902 944 1956 ibidem
966 1902 1241 1968 predictis
1263 1903 1539 1969 magistro
1564 1902 1869 1956 Lamberto
1889 1906 1949 1956 et
1967 1903 2004 1956 J
2007 1904 2231 1955 ohanne
2253 1901 2499 1966 bedello,
2519 1916 2740 1956 necnon
2761 1902 3021 1955 honestis
3038 1902 3165 1953 viris

735 1984 970 2038 Nicolao
1018 1986 1205 2050 Cuper
1233 1986 1304 2037 de
1328 1985 1633 2045 Venroide,
1658 1985 2003 2038 venerabilis
2036 1987 2195 2038 curie
2235 1984 2588 2038 coloniensis
2629 1985 2851 2037 notario
2875 1985 3090 2050 iurato,
3113 1988 3167 2038 et

732 2068 1054 2121 Christiano
1079 2069 1342 2121 Wintzen
1366 2068 1436 2120 de
1460 2067 1869 2126 Eusskirchen,
1907 2068 2116 2121 clerico
2142 2067 2498 2121 coloniensis
2533 2068 2813 2134 dyocesis,
2833 2068 3079 2121 testibus
3101 2067 3165 2121 ad

732 2152 1010 2217 premissa
1025 2151 1330 2217 fidedignis
1352 2150 1570 2217 rogatis
1594 2151 1655 2202 et
1675 2150 1989 2215 requisitis.

798 2317 871 2369 Et
894 2331 1021 2385 ego,
1046 2319 1332 2373 Arnoldus
1354 2318 1564 2371 Kolich
1588 2319 1659 2371 de
1680 2317 2089 2381 Eusskirchen,
2113 2317 2357 2371 clericus
2390 2317 2744 2370 Coloniensis
2776 2318 3023 2378 iuratus,
3045 2318 3170 2383 quia

730 2400 1025 2465 premissis
1064 2403 1325 2455 omnibus
1362 2404 1422 2455 et
1443 2401 1704 2469 singulis,
1728 2403 1882 2461 dum,
1918 2402 2001 2455 sic
2024 2403 2088 2454 ut
2118 2401 2488 2467 premittitur,
2524 2401 2729 2453 flerent
2760 2401 2822 2453 et
2843 2401 3168 2468 agerentur,

734 2497 848 2535 una
868 2498 995 2536 cum
1018 2485 1427 2549 prenominatis
1452 2484 1690 2537 testibus
1711 2498 1949 2550 presens
1971 2485 2056 2537 tui
2078 2497 2259 2549 eaque
2280 2483 2364 2535 sic
2386 2482 2513 2535 fieri
2536 2482 2653 2535 vidi
2675 2483 2752 2544 et,
2776 2483 2843 2535 ut
2861 2485 3166 2549 pretertur,

732 2578 805 2618 ex
826 2564 1113 2620 relacione
1134 2566 1346 2621 bedelli
1369 2567 1576 2629 audivi,
1591 2567 1804 2620 idcirco
1822 2580 2059 2633 presens
2080 2566 2371 2634 publicum
2392 2565 2834 2618 instrumentum
2852 2579 3030 2619 manu
3052 2579 3169 2619 mea

731 2648 966 2714 propria
998 2650 1272 2715 scriptum
1310 2651 1371 2704 et
1401 2650 1786 2717 ingrossatum
1820 2650 2028 2703 exinde
2061 2649 2301 2710 conieci,
2337 2648 2670 2715 subscripsi,
2703 2647 2994 2715 publicavi
3026 2650 3085 2702 et
3112 2648 3166 2700 in

731 2731 878 2785 hanc
899 2731 1183 2798 publicam
1214 2735 1458 2787 tormam
1491 2733 1711 2801 redegi,
1747 2733 2026 2801 signoque
2061 2734 2120 2786 et
2153 2732 2382 2786 nomine
2414 2732 2557 2785 meis
2593 2730 2776 2785 solitis
2804 2733 2865 2786 et
2884 2731 3166 2786 consuetis

731 2815 953 2882 signavi
976 2818 1211 2883 rogatus
1234 2819 1295 2870 et
1313 2817 1644 2881 requisitus,
1668 2818 1726 2868 in
1753 2817 1925 2869 fidem
1948 2818 2007 2869 et
2029 2815 2416 2869 testimonium
2439 2815 2692 2868 omnium
2725 2817 2786 2869 et
2816 2815 3166 2884 singulorum

643 2949 660 2974 ¹,
736 2900 1162 2965 premissorum.

1257 3051 1411 3105 Naar
1432 3052 1502 3104 de
1525 3051 1693 3102 oudst
1713 3050 1976 3103 bekende
1999 3050 2227 3116 uitgave
2250 3064 2357 3101 van
2381 3049 2491 3101 den
2510 3047 2753 3102 Mallem
2770 3046 3165 3114 maleficarum,

1318 3147 1470 3186 waar
1514 3134 1649 3186 dese
1700 3134 1827 3186 acte
1871 3133 1932 3185 in
1985 3135 2134 3185 staat
2179 3132 2446 3185 tusschen
2492 3133 2564 3185 de
2608 3129 3167 3195 vooraangeplaatste

1318 3215 1636 3283 pauselidke
1679 3217 1777 3269 bul
1822 3231 1894 3270 en
1940 3218 2011 3269 de
2071 3212 2380 3284 Appoloqia
2423 3212 2694 3276 authoris,
2739 3214 3049 3280 afgedrukt
3095 3212 3165 3276 bij

1316 3299 1374 3352 J.
1399 3299 1654 3360 Hansen,
1679 3298 1792 3353 Der
1823 3297 2066 3353 Mallem
2087 3297 2495 3366 maleficarum,
2517 3298 2671 3351 seins
2699 3294 3169 3365 Druckausyabou

1318 3380 1439 3434 und
1470 3380 1564 3435 die
1589 3379 1893 3451 yefdlschte
1929 3380 2140 3435 Kszner
2171 3381 2548 3449 Approbation
2583 3395 2708 3432 vom
2739 3378 2794 3433 J.
2825 3377 2974 3438 1⁴87,
3010 3379 3070 3431 in
3104 3378 3169 3429 de

1337 3462 1738 3518 Westdeutsche
1753 3461 2070 3530 Zea-§chriti
2077 3466 2173 3529 filr
2186 3461 2500 3519 Geschichte
2518 3460 2636 3515 und
2646 3462 2840 3524 ΚΜ,
2852 3460 2980 3515 deel
2994 3460 3166 3522 XVII,

1319 3562 1361 3602 11
1398 3548 1589 3612 (Trier
1628 3546 1799 3616 1898),
1838 3548 1948 3601 blz.
1993 3547 2246 3601 140-144..
2269 3573 2338 3588 —
2382 3547 2482 3600 Dit
2518 3545 2698 3605 work,
2739 3545 2880 3596 door
2918 3544 2992 3597 de
3031 3547 3168 3596 twee

1320 3631 1791 3684 bovenvermelde
1813 3632 2183 3695 inquisiteurs
2205 3629 2521 3698 opgesteld,
2542 3629 2700 3681 werd
2718 3655 2786 3667 —
2815 3627 3167 3693 waarschn‘n·

1321 3713 1426 3779 liik
1447 3714 1508 3765 in
1525 3712 1626 3767 het
1640 3714 1814 3782 begin
1831 3728 1941 3766 van
1961 3711 2089 3764 1487
2105 3741 2173 3751 -
2185 3726 2326 3768 voor
2342 3712 2444 3766 het
2463 3714 2619 3767 eerst
2641 3711 2910 3780 gedrum,
2932 3712 2993 3763 in
3017 3710 3167 3763 klein

1320 3796 1722 3856 toliotormaat,
1735 3798 1948 3851 zonder
1963 3797 2207 3864 eenigen
2217 3795 2615 3862 welkdanigen
2634 3792 2756 3846 titel
2771 3794 2832 3846 ot
2844 3792 3168 3860 aanwijzing

1318 3894 1426 3932 van
1460 3879 1820 3946 drukker,bfi
1853 3879 2082 3933 Johann
2105 3881 2282 3947 Pryss
2304 3880 2415 3931 den
2449 3879 2680 3938 oudere,
2702 3879 2758 3929 te
2788 3876 3166 3942 Straatsburg.

1318 3990 1387 4003 —
1408 3962 1557 4016 Over
1590 3963 1674 4015 dit
1705 3963 1886 4026 werk,
1910 3963 1995 4017 zie
2029 3977 2172 4016 eene
2205 3960 2564 4030 belangruke
2596 3959 2783 4014 studio
2815 3960 2891 4026 δῦ
2925 3957 3168 4018 Riesler,

1328 4043 1645 4100 Geschichte
1683 4045 1788 4100 dor
1828 4045 2267 4114 Hmproome
2304 4047 2368 4097 in
2408 4045 2634 4112 Bayern
2665 4043 2975 4110 (stuttgart
3006 4041 3170 4105 1896),

1325 4131 1432 4185 blz.
1461 4129 1698 4193 los-117,
1725 4143 1796 4182 en
1820 4130 1920 4182 het
1940 4129 2190 4196 grondig
2223 4128 2545 4181 onderzoek
2567 4141 2674 4180 van
2693 4126 2750 4179 J.
2779 4126 3031 4191 Hansen,
3055 4127 3092 4177 t
3120 4137 3169 4175 a.

1326 4229 1383 4280 p.
1411 4211 1641 4275 119-168,
1665 4214 1914 4266 alsmede
1936 4213 2036 4265 het
2058 4211 2368 4264 hoofdstuk
2395 4210 2504 4264 Der
2530 4207 2771 4263 Mallem
2791 4207 3168 4277 maleficarum

1324 4298 1498 4363 (1486)
1529 4294 1650 4349 und
1680 4298 1833 4349 seins
1880 4294 2162 4365 Ver-fassa·
2195 4295 2256 4347 in
2291 4295 2453 4347 diens
2490 4291 2718 4352 Queuen
2751 4289 2871 4344 und
2921 4291 3166 4345 Umeru-

1323 4378 1576 4446 chunyen
1617 4394 1722 4432 zur
1766 4376 2083 4433 Geschichte
2112 4371 2212 4431 'des
2250 4374 2638 4430 Heoeenwahns
2672 4374 2795 4428 und
2826 4374 2926 4428 der
2959 4374 3166 4428 Hm

1323 4460 1648 4529 verfolqunq
1672 4463 1753 4513 im
1780 4458 2099 4513 Mittelalter
2119 4458 2303 4524 (Bonn
2331 4459 2497 4521 1901),
2522 4457 2629 4509 blz.
2655 4453 2896 4508 360-407.
