3526 5522
1290 602 1389 654 AN
1396 602 1496 656 ΝΟ
1534 597 1658 651 1423
2622 604 2689 653 65

766 767 1152 832 Gelijktijdige
1209 766 1457 831 kronijk‚
1513 766 1854 834 uitgegeven
1912 767 2052 818 door
2106 767 2175 819 A.
2212 769 2283 820 de
2332 767 2390 819 la
2437 768 2683 837 Grange,

839 849 1101 902 Troubles
1123 852 1159 900 ὰ
1187 848 1429 901 Toumai
1454 849 1803 914 (cm-4430),
1825 850 1884 902 in
1908 851 1978 902 de
2002 850 2294 904 Memoires
2316 850 2385 902 de
2407 850 2464 904 la
2486 852 2689 905 Soc-idco!

835 932 1136 1000 histor-ique
1153 940 1202 985 et
1220 931 1496 985 litteraire
1513 931 1582 985 de
1613 932 1881 993 Tournai,
1904 933 2029 986 deel
2047 933 2209 986 XVII
2227 933 2420 1000 (1882),
2439 934 2545 986 blz.
2563 935 2685 989 304·

830 1015 947 1076 305,
975 1029 1112 1066 naar
1135 1015 1234 1068 het
1255 1015 1849 1069 zeventiendeeuwsch
1873 1016 2134 1068 aisehriit
2164 1030 2271 1069 van
2305 1016 2406 1070 het
2422 1017 2684 1071 verloren

831 1097 1130 1164 origineel,
1178 1111 1249 1149 en
1295 1096 1665 1163 gedeeltelijk
1710 1112 2064 1165 opgenomen
2111 1100 2170 1152 in
2215 1099 2316 1152 het
2360 1099 2471 1152 HS.
2523 1099 2685 1152 19684

827 1180 929 1232 der
947 1180 1094 1232 Kon.
1119 1179 1481 1231 Bibliotheek
1505 1181 1565 1232 te
1585 1180 1815 1233 Brussel
1837 1182 1931 1247 (op
1952 1181 2052 1234 het
2074 1183 2241 1235 einde
2265 1183 2367 1235 der
2387 1182 2499 1232 151¹·
2519 1196 2680 1236 eeuw

829 1262 1216 1329 geschreven),
1245 1262 1554 1328 atgedrukt
1581 1263 1656 1327 bij
1695 1264 1766 1316 de
1801 1264 1978 1324 Smet,
2004 1266 2186 1318 onder
2220 1265 2330 1317 den
2365 1265 2491 1318 titel
2520 1264 2686 1319 Chro-

826 1348 995 1413 nique
1018 1343 1115 1397 des
1142 1344 1454 1412 Pays-Bas,
1478 1343 1547 1397 de
1573 1344 1807 1406 Franco,
1832 1345 2211 1414 d'Anyleterre
2233 1355 2282 1401 et
2315 1347 2384 1400 de
2420 1347 2680 1408 Your-nai,

830 1428 888 1479 in
908 1428 1015 1492 zijn
1043 1428 1254 1494 corpus
1276 1424 1668 1480 chronicorum
1693 1427 2028 1492 manda-iae„
2050 1429 2172 1482 deel
2196 1430 2299 1491 III,
2319 1430 2426 1483 blz.
2445 1429 2680 1483 373-405.

828 1538 895 1550 -
925 1511 1070 1564 Jean
1106 1510 1332 1571 Gousin,
1361 1511 1420 1561 in
1458 1511 1602 1575 ziine
1638 1510 1885 1563 Histoire
1912 1510 1981 1564 de
2014 1511 2291 1581 Tournay,
2318 1512 2477 1566 heeft
2496 1512 2682 1580 insge·

828 1593 958 1659 lUkS
1004 1593 1105 1645 het
1143 1606 1420 1659 vroegere
1461 1592 1821 1660 handschriit
1859 1594 2158 1661 benuttigd
2202 1596 2304 1663 (zie
2355 1595 2564 1663 Corpus
2602 1595 2680 1656 H,

831 1685 891 1727 ω·
916 1674 1028 1736 191,
1047 1675 1153 1726 blz.
1175 1673 1416 1733 304-305,
1444 1688 1516 1727 en
1540 1675 1611 1728 de
1648 1673 2065 1745 Verbeterinyen
2088 1691 2158 1730 en
2180 1675 2585 1747 aanvullinyen
2609 1692 2682 1745 op

830 1757 927 1808 dat
947 1757 1081 1808 stuk
1103 1757 1162 1808 in
1191 1755 1398 1825 Corpus
1421 1755 1547 1818 ΙΠ).

1241 1958 1346 2023 51
1405 1947 1601 2039 (26610
1623 1960 1707 2043 a).

355 2140 550 2212 1423,
623 2131 858 2199 Trier.
928 2135 1274 2198 Uittreksel
1337 2137 1432 2198 uit
1488 2136 1566 2198 de
1622 2136 2156 2215 bissohoppelijke
2207 2138 2491 2199 statuten
2554 2153 2682 2200 van

274 2234 397 2297 Otto
428 2252 549 2298 van
581 2234 988 2313 Ziegenheim
1022 2236 1210 2312 tegen
1235 2234 1312 2296 de
1337 2236 1677 2312 navolgers
1701 2251 1827 2298 van
1852 2235 2128 2310 Wicleff‚
2173 2238 2306 2297 Hus
2340 2253 2418 2298 en
2453 2237 2679 2299 Hiero-

270 2348 468 2410 nymus
503 2350 631 2396 van
683 2336 898 2411 Praag
930 2349 1012 2394 en
1047 2332 1258 2395 hunne
1294 2333 1754 2413 begunstigerS.
1797 2368 1878 2380 —-
1920 2333 2300 2412 Geestelijke
2332 2334 2501 2397 noch
2535 2333 2682 2397 leek

269 2445 393 2511 mag
421 2432 637 2495 hunne
686 2431 800 2492 ket
809 2430 1029 2508 teriJen
1069 2448 1421 2494 aannemen
1454 2433 1621 2495 noch
1663 2433 1740 2495 de
1781 2432 2074 2510 belijders
2116 2449 2309 2496 ervan
2344 2431 2415 2496 oi
2461 2432 2677 2496 hunne

270 2527 682 2611 begunstigers
730 2530 1005 2608 bijstand
1053 2530 1409 2593 verleenen.
1446 2531 1525 2593 Al
1558 2531 1684 2594 wie
1732 2532 1996 2594 daartoe
2043 2531 2260 2594 macht
2283 2532 2471 2607 berit,
2503 2534 2678 2595 moet

267 2625 371 2690 hen
397 2630 777 2694 aanhouden
812 2646 891 2690 en
924 2646 1050 2691 aan
1083 2629 1160 2691 de
1187 2628 1464 2709 hoogere
1495 2629 1974 2709 geestelijkheid
2007 2631 2438 2705 ovet-levaren,
2479 2630 2676 2708 opdat

266 2724 392 2789 date
436 2728 559 2792 hen
619 2728 823 2791 zoude
880 2726 1344 2792 onderzoeken.
1411 2731 1501 2791 De
1550 2729 1766 2808 lagare
1808 2729 2212 2792 ambtenaars
2262 2730 2516 2793 moeten
2576 2728 2679 2791 die

267 2822 482 2891 ketters
514 2825 989 2904 onmiddellijk‚
1032 2826 1100 2890 of
1132 2828 1256 2890 zeli
1289 2827 1358 2890 of
1389 2827 1551 2890 door
1583 2828 2103 2891 tussohenkomst
2134 2845 2260 2891 van
2293 2829 2371 2890 de
2405 2828 2675 2891 wereld-

267 2923 398 3000 lijke
427 2927 741 3001 wehtam,
784 2926 868 3003 bij
901 2925 978 2987 de
1012 2925 1292 3005 hoogere
1325 2927 1744 3005 geestelinen
1776 2926 2163 3007 aanklagen.

1080 3090 1214 3141 Cu.
1240 3089 1285 3141 Ι.
1317 3091 1399 3142 De
1423 3086 1537 3155 fide
1558 3088 1850 3144 catholica.

314 3203 558 3258 Sanctam
617 3204 995 3256 orthodoxam
1059 3207 1226 3269 atque
1294 3204 1663 3269 apostolicam
1728 3205 2047 3267 eeclesiam,
2083 3205 2362 3273 sanguine
2417 3205 2677 3256 victimae

263 3282 525 3339 paschalis
565 3289 908 3346 dedicatam,
936 3288 1159 3338 unicam
1193 3288 1412 3339 aeterni
1447 3301 1712 3353 sponsam
1744 3288 1944 3354 Regis,
1969 3289 2094 3354 ipso
2128 3302 2335 3354 sponso
2358 3288 2419 3339 in
2442 3288 2677 3339 canticis

264 3368 622 3430 proclamante
652 3383 666 3421 ε
695 3390 720 3414 ιι
749 3370 876 3421 Una
897 3373 986 3422 est
1007 3369 1268 3421 columba
1300 3384 1445 3433 mea,
1480 3370 1610 3430 etc„
1639 3393 1664 3415 n
1702 3372 1866 3423 extra
1899 3385 2068 3435 quam
2102 3385 2213 3422 non
2249 3370 2337 3422 est
2368 3369 2539 3431 salus,
2574 3382 2679 3435 per

265 3450 460 3503 unicam
499 3465 696 3505 aream
737 3452 860 3504 Noe
905 3454 1161 3517 tempore
1198 3451 1486 3518 generalis
1521 3451 1735 3510 diluvii,
1762 3454 1927 3505 extra
1949 3466 2116 3518 quam
2145 3454 2347 3504 cuneta
2369 3452 2678 3503 animantia

265 3543 411 3596 super
430 3536 648 3587 terram
669 3534 857 3586 deleta
889 3536 1039 3596 sunt,
1066 3533 1379 3600 designata,
1403 3547 1507 3600 pro
1534 3548 1645 3598 qua
1668 3535 1942 3587 Dominus
1966 3549 2072 3601 per
2095 3534 2443 3601 Prophetam
2470 3535 2670 3592 oravit,

266 3612 434 3668 dicens
454 3631 467 3667 :
490 3641 515 3660 a
530 3617 690 3669 Erue
709 3631 746 3669 a
760 3618 997 3676 tramea,
1012 3618 1181 3676 Deus,
1195 3618 1440 3668 animam
1457 3630 1641 3669 meam
1662 3619 1722 3669 et
1744 3618 1815 3670 de
1832 3632 2001 3669 manu
2019 3619 2175 3670 canis
2198 3618 2423 3670 unicam
2439 3630 2639 3677 meam,
2653 3638 2678 3662 n

265 3695 347 3747 ubi
374 3700 616 3763 primum
641 3714 747 3765 pro
771 3713 854 3757 se,
875 3702 1144 3763 tanquam
1165 3714 1271 3765 pro
1306 3699 1513 3765 capite,
1549 3700 1755 3753 deinde
1778 3713 1884 3765 pro
1912 3702 2079 3753 unica
2101 3702 2225 3766 eius
2248 3713 2455 3765 sponsa
2479 3700 2681 3761 oravit,
2713 3694 2716 3697 ’

269 3774 391 3831 hanc
411 3784 700 3834 eredimus
722 3784 782 3834 et
804 3782 1142 3847 simpliciter
1157 3782 1515 3848 profitemur3
1541 3783 1600 3834 in
1621 3795 1749 3846 qua,
1772 3784 2081 3835 seeundum
2103 3783 2318 3834 cultum
2339 3781 2683 3833 christianae

266 3859 534 3927 religionis
553 3878 588 3917 a
613 3864 834 3930 Spiritu
856 3865 1062 3916 Sancto
1096 3878 1200 3930 per
1223 3866 1448 3916 sanctos
1471 3863 1779 3930 apostolos,
1810 3865 2084 3918 ecclesiae
2106 3866 2397 3931 primates,
2420 3859 2704 3930 primitus

268 3939 624 3999 introductum
668 3949 1094 4012 martyrumque
1135 3948 1450 4000 constantia
1498 3948 1850 4009 roboratum,
1877 3948 2362 4010 confessorum-et
2400 3946 2687 4011 virginum

269 4028 515 4093 exemplis
579 4031 930 4088 decoratum,
977 4043 1082 4094 per
1126 4034 1351 4082 sanctos
1401 4029 1677 4083 eeclesiae
1719 4031 1983 4083 doctores
2014 4029 2329 4096 plantatum
2374 4032 2543 4092 atque
2580 4040 2686 4093 per

272 4102 529 4163 Romanos
561 4112 884 4178 pontifices,
909 4111 1122 4164 Christi
1145 4114 1401 4174 vicarios,
1427 4113 1587 4165 Petri
1627 4126 1970 4172 sucessores,
1996 4113 2114 4164 suis
2152 4111 2383 4164 monitis
2423 4113 2482 4163 et
2519 4122 2684 4175 prae-

273 4192 424 4254 oeptis
460 4195 737 4247 traditum
780 4196 840 4248 et
877 4208 1227 4260 expressum,
1272 4197 1460 4249 vivere
1501 4197 1781 4248 tenemur.
1835 4195 2000 4247 Hune
2045 4195 2327 4259 siquidem
2370 4191 2684 4245 catholicae

275 4267 385 4323 fidei
418 4275 592 4328 ritum
633 4279 694 4329 et
737 4290 873 4328 vere
916 4276 1170 4329 fidelium
1203 4277 1418 4329 cultum
1473 4278 1703 4341 quidam
1743 4276 2303 4343 pseudo-prophetae
2352 4276 2471 4327 suis
2525 4274 2687 4326 salsis

274 4349 603 4418 dogmatibus
620 4361 680 4412 et
692 4358 1014 4424 reprobatis
1046 4360 1318 4411 doctrinis
1343 4360 1671 4412 nitebantur
1686 4361 2019 4425 pervertere
2046 4358 2137 4410 his
2159 4359 2448 4411 modernis
2472 4360 2687 4423 tempo·

277 4435 425 4498 ribus,
458 4442 612 4494 inter
635 4457 778 4508 quos
800 4443 986 4507 primo
1021 4442 1271 4507 Wicleff,
1295 4444 1522 4496 demum
1544 4443 1697 4495 Husz
1720 4445 1783 4495 et
1814 4442 2198 4508 Hieronymus
2232 4441 2685 4501 haeresiarchae.

280 4518 544 4575 eeclesiam
586 4524 694 4577 Dei
719 4525 1037 4587 turbarunt,
1064 4526 1181 4590 qui,
1205 4525 1342 4579 lieet
1363 4539 1492 4578 oum
1515 4526 1633 4578 suis
1657 4525 1951 4578 erroribus
1978 4527 2037 4577 et
2057 4524 2219 4577 salsis
2244 4525 2537 4586 doctriniS,
2562 4536 2688 4574 cum

280 4600 348 4652 05³
385 4605 841 4676 adhaerentibus,
873 4621 977 4673 per
1010 4609 1307 4662 ecelesiam
1344 4611 1480 4660 sunt
1521 4609 1774 4661 damnati
1815 4622 1880 4660 ae
1923 4608 1983 4660 in
2029 4609 2389 4660 sacrosancta
2435 4602 2691 4673 generali

281 4680 673 4742 constantiensi
690 4690 907 4756 synodo
924 4703 1029 4756 per
1062 4691 1401 4744 sententiam
1421 4690 1732 4756 reprobati,
1757 4689 1951 4756 plures
1975 4692 2163 4743 tamen
2182 4690 2435 4756 ipsorum
2460 4699 2687 4739 errores

2438 4814 2470 4866 5
