3526 5522
1347 627 1563 681 ANNO
1604 624 1896 679 1349-1350
2785 629 2849 680 23

448 792 613 855 Item,
648 793 804 857 quod
840 792 994 844 Deus
1026 791 1259 857 juravit,
1298 792 1411 843 nisi
1445 792 1752 843 observent
1790 792 1941 844 diem
1983 790 2327 843 dominicam
2368 793 2428 843 et
2454 791 2720 858 jeiunent
2758 793 2852 845 die

391 874 623 927 Veneris
658 866 1079 926 et'abstineant
1112 887 1148 925 a
1185 872 1355 925 malis
1393 874 1758 939 iuramentis,
1799 874 1958 925 Deus
1999 873 2260 925 destruet
2300 888 2400 926 eos
2443 872 2659 939 taliter,
2701 861 2853 938 quod

393 972 583 1012 eorum
607 958 856 1025 amplius
878 973 993 1011 non
1021 959 1135 1010 erit
1157 958 1453 1010 memoria.

356 1042 364 1048 ’
450 1041 615 1103 Item,
662 1041 817 1104 quod
866 1042 1021 1093 Deus
1068 1040 1215 1092 dixit
1257 1055 1269 1090 :
1324 1060 1349 1082 a
1395 1040 1750 1103 Quicumque
1801 1054 1914 1091 non
1962 1040 2275 1092 crediderit
2327 1040 2543 1104 scripta
2590 1040 2651 1091 in
2698 1040 2849 1091 dicto

391 1125 672 1185 mandato,
699 1123 851 1184 volo,
889 1125 1040 1188 quod
1074 1124 1151 1174 sit
1190 1123 1714 1175 excommunicatus
1754 1124 1814 1173 et
1848 1122 2187 1174 maledictus
2222 1136 2415 1174 coram
2440 1125 2605 1187 patre
2628 1136 2760 1187 suo3
2788 1125 2850 1173 et

390 1207 482 1270 qui
502 1205 841 1270 crediderit,
868 1205 1198 1257 benedictio
1222 1217 1353 1256 mea
1374 1204 1567 1256 veniet
1590 1204 1650 1255 in
1676 1203 1908 1254 domum
1934 1217 2113 1255 suam.
2145 1226 2171 1249 ‚-

447 1287 614 1347 Item,
642 1287 796 1351 quod
815 1287 993 1352 iudex
1015 1287 1279 1351 judicans
1305 1286 1399 1338 die
1424 1285 1714 1336 dominica
1737 1288 1828 1336 est
1851 1285 2377 1337 excommunicatus
2401 1287 2700 1351 perpetuo.

448 1370 617 1430 Item,
645 1370 800 1433 quod
824 1369 980 1420 Deus
1004 1369 1164 1420 dedit
1186 1368 1520 1420 christianis
1540 1368 1804 1431 quitquid
1830 1367 2063 1419 habent.

446 1450 614 1511 Item,
641 1452 794 1514 quod
822 1449 1154 1515 patriarcha
1175 1449 1288 1501 fuit
1311 1463 1550 1513 presens
1574 1450 1634 1500 in
1661 1449 1901 1502 dacione
1924 1450 2092 1501 istius
2116 1450 2388 1523 mandati.

446 1532 613 1592 Item,
656 1533 808 1596 quod
847 1532 1089 1598 angelus
1125 1532 1361 1597 juravit,
1399 1533 1550 1595 quod
1586 1533 1740 1584 istud
1776 1533 2106 1583 mandatum
2145 1546 2257 1582 non
2292 1532 2405 1583 fuit
2438 1531 2714 1596 scriptum
2745 1545 2851 1597 per

386 1628 611 1667 manum
667 1614 910 1679 alicuius
967 1615 1247 1673 creature,
1309 1615 1412 1666 sed
1470 1613 1593 1665 sola
1649 1627 1822 1665 manu
1880 1614 2005 1666 Dei.
2059 1614 2135 1664 Et
2190 1614 2287 1676 qui
2332 1612 2443 1666 hoc
2490 1628 2605 1665 non
2651 1615 2851 1673 credit,

387 1696 906 1747 excommunicatus
930 1698 1018 1747 est
1039 1711 1054 1760 ;
1080 1696 1179 1759 qui
1203 1709 1338 1748 vero
1363 1696 1472 1748 hec
1494 1696 1698 1755 credit,
1727 1696 1884 1747 Deus
1908 1696 2284 1747 miserabitur
2307 1695 2450 1760 eius.

452 1779 611 1839 Item,
648 1779 801 1841 quod
835 1776 980 1845 [qui]
1015 1776 1127 1828 hoc
1177 1777 1380 1828 scribit
1428 1776 1518 1828 vel
1571 1777 1748 1827 mittit
1782 1790 1889 1841 per
1922 1776 2088 1827 villas
2123 1776 2213 1827 vel
2261 1777 2480 1836 domos,
2517 1777 2846 1828 benedictio

389 1856 611 1910 Domini
632 1859 826 1911 veniet
847 1871 1022 1922 super
1044 1870 1198 1920 eum,
1221 1859 1282 1910 et
1304 1871 1478 1923 super
1498 1858 1878 1917 sacerdotem,
1897 1857 1997 1921 qui
2019 1856 2133 1908 ista
2156 1857 2526 1909 annunciabit
2546 1856 2780 1922 populo.

912 2020 1217 2076 Nationale
1258 2019 1630 2071 Bibliotheek
1669 2021 1727 2071 te
1767 2020 1977 2084 Parijs,
2014 2019 2123 2071 Ms.
2159 2019 2233 2071 tr.
2271 2018 2403 2069 2598
2433 2019 2661 2084 (Απσίεπ
2682 2017 2852 2086 fonds

976 2101 1205 2163 colbert,
1239 2102 1353 2153 Hs.
1392 2111 1453 2152 nr
1476 2100 1670 2166 82988),
1699 2101 1990 2153 Fransche
2026 2101 2409 2166 voortzetting
2443 2114 2551 2151 van
2589 2100 2660 2152 de
2686 2099 2851 2153 Chro-

975 2186 1143 2253 nique
1177 2183 1275 2235 des
1306 2185 1421 2236 rois
1454 2183 1524 2235 de
1570 2186 1788 2235 France
1818 2198 1930 2251 par
1961 2185 2111 2252 frere
2149 2181 2469 2234 Guillaume
2509 2182 2578 2234 de
2610 2182 2849 2247 Nanyis,

973 2265 1074 2317 fol.
1101 2266 1357 2317 56-57.—
1379 2265 1445 2317 In
1474 2267 1680 2333 Corpus
1702 2265 1780 2326 H,
1805 2264 1915 2330 biz.
1937 2263 2050 2328 119,
2077 2277 2261 2330 gaven
2286 2266 2377 2328 πῇ
2406 2264 2617 2316 slechts
2643 2263 2852 2317 enkele

974 2348 1275 2414 gedeelten
1324 2361 1433 2399 van
1480 2348 1565 2399 dit
1603 2348 1757 2409 stuk,
1807 2360 1947 2398 naar
1988 2348 2096 2398 den
2139 2345 2544 2412 onvolledigen
2584 2348 2741 2398 tekst
2773 2347 2847 2410 bij

975 2429 1227 2495 Kervyn,
1276 2429 1522 2482 Histoire
1554 2428 1626 2481 de
1663 2427 1911 2482 Flandre
1947 2429 2068 2494 (1⁸⁸⁰
2115 2427 2375 2494 uitgaaf),
2419 2428 2544 2480 deel
2587 2429 2694 2489 ΙΙΙ,
2739 2428 2851 2479 blz.

977 2512 1223 2572 353-354,
1252 2513 1410 2563 noot.

1397 2766 1508 2832 25
1560 2759 1828 2846 (199‘01‘).

491 2985 935 3055 1349-1350,
1003 2978 1531 3045 Nederlanden.
1589 2981 1901 3044 Waalsch
1963 2981 2090 3042 lied
2140 2981 2302 3044 door
2354 2981 2433 3042 de
2482 2981 2853 3043 Geeselaars

394 3081 586 3143 onder
608 3081 828 3143 hunne
852 3079 1232 3158 oeteningen
1264 3096 1616 3157 gezongen.

457 3251 601 3303 Item
645 3251 885 3303 s’ensuit
932 3250 990 3302 la
1036 3253 1241 3304 teneur
1286 3251 1454 3303 d’une
1499 3253 1693 3316 priere
1751 3250 1917 3315 qu’ils
1971 3250 2077 3316 [les
2122 3249 2443 3318 flagellans]
2490 3249 2738 3301 disoient
2781 3263 2853 3301 en

400 3333 679 3400 chantant,
706 3334 896 3397 quand
920 3333 995 3384 ils
1017 3347 1081 3385 se
1105 3334 1363 3385 batoient
1386 3335 1461 3385 de
1481 3333 1638 3385 leurs
1663 3335 2028 3399 escourgees.
2077 3374 2082 3379 .

1592 3514 1654 3565 1.

1047 3663 1134 3713 En
1169 3663 1565 3717 commencent
1596 3677 1670 3714 no
1706 3663 2031 3727 penitanee,

1052 3744 1177 3795 Soit
1209 3744 1267 3795 la
1300 3744 1513 3810 Vierge
1548 3747 1606 3796 et
1645 3743 1703 3795 la
1737 3744 1980 3804 Trinite,

1048 3825 1142 3883 Et,
1181 3827 1307 3877 tout
1338 3839 1411 3877 en
1446 3827 1725 3890 pas-taicte
1758 3827 2062 3891 puissance

1055 3907 1172 3959 Des
1206 3907 1427 3970 cieulx,
1455 3906 1513 3959 16
1547 3907 1712 3959 hault
1747 3907 1904 3961 divin
1938 3908 2146 3959 secret.

1054 3988 1183 4041 Sire
1217 3990 1388 4049 Dieu,
1425 3989 1694 4041 croissiez
1713 3991 1787 4053 (1)
1821 4003 1891 4040 vo
1927 3989 2223 4053 veniance,

1052 4072 1164 4123 Les
1196 4071 1343 4121 truis
1379 4071 1479 4122 des
1513 4072 1746 4123 ventres
1782 4071 2027 4136 respitez
2045 4069 2140 4139 (2),

1057 4153 1168 4205 Car
1201 4155 1325 4205 este
1360 4167 1395 4205 a
1427 4166 1500 4205 en
1534 4155 1708 4219 grant
1738 4152 1978 4205 balance

1052 4235 1403 4301 Longtemps
1439 4237 1597 4288 toute
1630 4236 1960 4287 crestiente.

472 4560 541 4623 (1)
579 4558 879 4622 Ονοίεείει,
900 4561 1099 4613 breek.

472 4641 540 4703 (2)
576 4641 850 4711 Rapitez,
887 4645 1022 4708 geel
1053 4642 1441 4709 verademing.
