3526 5522
664 528 732 580 30
1704 526 1914 580 ANNO
1951 526 2079 577 1349

732 692 1069 745 Beatissimo
1101 691 1267 756 pater
1309 692 1368 742 et
1401 691 1649 750 domine,
1689 704 1781 749 ne,
1820 688 2213 753 protendendo
2254 701 2604 751 sermonem,
2650 700 2819 739 aures
2859 687 3129 739 attediem

664 772 924 838 pluribus
950 773 1198 839 negotiis
1225 774 1549 836 occupatas,
1586 772 1825 824 verbum
1862 771 2257 824 abbreuiatum
2295 771 2502 822 faciam
2528 771 2598 821 de
2621 769 2849 835 prolixo
2878 769 3130 835 negotio.

666 857 888 919 Vtique,
928 857 1093 919 pater
1133 855 1506 914 sanctissime,
1546 855 1610 904 ut
1650 854 1888 905 verbum
1930 867 2124 904 coram
2167 853 2373 905 Vestra
2415 852 2725 904 Sanctitate
2768 864 2835 902 ac
2876 851 3130 916 presenti

664 937 838 989 Sacro
864 935 1122 1001 collegio
1160 938 1619 1000 preassumptum
1654 935 1726 986 ad
1767 936 2080 1001 negotium,
2118 949 2223 999 pro
2248 948 2359 998 quo
2385 935 2592 985 missus
2626 947 2773 992 sum,
2800 931 3129 997 aliqualiter

663 1019 883 1071 valeam
918 1018 1228 1083 applicare,
1261 1019 1326 1082 jn
1361 1018 1562 1082 primis
1597 1016 1746 1067 hanc
1781 1018 2233 1082 propositionem
2276 1030 2501 1068 assumo
2541 1030 2556 1068 ε
2598 1028 2811 1081 magna
2849 1016 2910 1067 et
2950 1014 3131 1066 ardua

667 1100 904 1166 negotia
946 1102 1081 1151 sunt
1125 1101 1193 1151 ad
1237 1113 1522 1151 summum
1565 1098 1886 1164 principem
1931 1099 2251 1151 referenda.
2302 1099 2465 1151 Hanc
2509 1098 2960 1163 propositionem
3004 1095 3129 1162 phi·

666 1182 960 1247 losophice
983 1183 1044 1233 et
1071 1180 1398 1247 theologice
1427 1179 1722 1233 declarare
1745 1194 2025 1245 propono.

732 1265 929 1317 Primo
955 1264 1184 1328 quidem
1217 1261 1635 1327 philosophice.
1668 1263 1813 1313 Nam
1846 1265 1976 1327 post
2003 1263 2303 1315 Platonem
2328 1260 2632 1328 gentilium
2654 1260 3132 1326 philosophorum

664 1347 930 1405 eximius,
977 1345 1199 1396 scilicet
1246 1344 1597 1404 Aristotiles,
1644 1346 1706 1395 in
1752 1343 1901 1395 libro
1948 1359 2051 1396 suo
2100 1344 2181 1398 De
2235 1348 2458 1397 secretis
2512 1350 2850 1396 secretorum
2906 1357 3004 1395 seu
3061 1341 3134 1394 de

663 1430 944 1495 reyimine
985 1429 1333 1494 principum,
1380 1427 1464 1477 ita
1518 1427 1718 1477 scribit
1765 1440 1779 1475 :
1830 1447 1855 1469 α
1885 1426 2081 1488 Decet,
2109 1449 2134 1471 n
2181 1427 2386 1490 inquit,
2439 1448 2464 1467 a
2489 1439 2690 1491 regem
2738 1424 3026 1476 abstinere
3074 1425 3135 1474 et

666 1525 782 1561 non
832 1510 1073 1561 multum
1119 1512 1491 1573 frequentare
1536 1510 1890 1560 consortium
1948 1510 2304 1561 subditorum
2353 1512 2412 1561 et
2455 1510 2702 1560 maxime
2748 1508 2949 1559 vilium
3005 1520 3136 1572 per-

665 1605 958 1652 sonarum,
1002 1592 1136 1656 quia
1183 1592 1361 1642 nimia
1398 1592 1760 1642 familiaritas
1804 1591 2098 1643 hominum
2138 1591 2416 1643 honorem
2460 1591 2668 1642 minuit
2710 1592 2770 1642 et
2808 1591 2963 1656 parit
3001 1602 3132 1641 con·

667 1674 946 1738 temptum
958 1691 974 1738 ;
1020 1675 1080 1726 et
1113 1676 1351 1738 propter
1385 1674 1494 1724 hoc
1532 1673 1735 1739 pulcra
1777 1676 1867 1725 est
1906 1674 2258 1726 consuetudo
2294 1674 2567 1726 Indorum
2606 1674 2665 1724 in
2708 1672 3136 1738 dispensatione

667 1756 831 1821 regni
860 1758 919 1808 et
944 1756 1307 1807 ordinatione
1333 1757 1511 1821 regis,
1550 1756 1647 1819 qui
1671 1757 2017 1819 statuerunt,
2044 1757 2195 1820 quod
2228 1768 2333 1808 rex
2368 1755 2546 1807 semel
2580 1755 2640 1806 in
2676 1768 2825 1806 anno
2861 1753 3141 1819 appareat

670 1850 864 1888 coram
899 1838 1226 1888 hominibus
1261 1837 1322 1888 in
1358 1835 1545 1903 regali
1585 1842 1862 1902 apparatu
1905 1839 1965 1889 et
2009 1840 2359 1890 armatorum
2399 1838 2681 1899 exercitu,
2729 1837 2935 1888 sedens
2976 1834 3139 1886 nobi·

670 1918 890 1970 lissime
937 1919 997 1969 in
1045 1933 1150 1970 suo
1197 1919 1511 1983 dextrari0,
1554 1921 1762 1971 ornatu
1809 1921 1868 1970 et
1920 1933 2210 1970 armorum
2261 1918 2649 1984 pulcritudine
2706 1919 3029 1978 decoratus,
3078 1918 3140 1969 et

669 2002 824 2052 stare
863 2002 1039 2052 faciat
1078 2000 1282 2066 volgus
1325 1999 1746 2064 aliquantulum
1786 2016 1820 2052 a
1858 2003 2115 2058 remotis,
2159 2000 2382 2053 nobiles
2421 2015 2558 2053 vero
2597 2002 2659 2054 et
2695 2000 2943 2052 barones
2982 1999 3143 2051 circa

667 2083 885 2146 ipsum;
946 2084 1082 2134 tunc
1137 2081 1287 2134 solet
1344 2083 1524 2134 ardua
1579 2085 1814 2150 negotia
1870 2084 2166 2148 expedire,
2224 2084 2415 2135 varios
2458 2085 2521 2135 et
2572 2082 2883 2147 preteritos
2937 2094 3138 2133 rerum

669 2166 911 2216 euentus
969 2163 1283 2223 declarare,
1338 2177 1535 2216 curam
1592 2166 1652 2217 et
1708 2179 1942 2230 operam
1998 2179 2179 2224 suam.
2233 2179 2402 2230 quam
2459 2166 2614 2217 circa
2668 2178 2792 2217 rem
2846 2162 3140 2230 publicam

670 2245 921 2298 fideliter
953 2247 1187 2311 proprie
1222 2248 1420 2312 gessit,
1461 2248 1794 2311 ostendere;
1830 2249 2132 2300 consueuit
2153 2248 2436 2312 siquidem
2468 2246 2573 2300 illa
2605 2247 2699 2300 die
2734 2247 2884 2298 dona
2904 2245 3136 2312 largirJ,

670 2341 785 2379 non
827 2328 996 2379 nimis
1036 2341 1168 2380 reos
1209 2329 1279 2379 de
1317 2328 1648 2379 carceribus
1693 2331 2078 2394 emancipare,
2102 2331 2308 2395 grauia
2345 2321 2524 2381 onera
2563 2328 2828 2382 releuare
2863 2329 2923 2381 et
2955 2326 3142 2378 multa

671 2410 770 2474 pia
808 2422 985 2473 opera
1024 2422 1317 2462 exercere.
1346 2432 1372 2455 n
1410 2409 1534 2462 Hec
1573 2410 1675 2475 ibj.
1724 2411 1836 2463 Hic
1870 2411 2150 2477 approbat
2180 2411 2558 2477 philosophus
2590 2412 2865 2464 Indorum
2900 2422 3144 2461 consue-

680 2491 959 2554 tudinem,
995 2505 1109 2555 qua
1142 2505 1248 2556 per
1281 2505 1450 2559 reges
1485 2492 1676 2543 solent
1710 2492 1893 2544 ardua
1927 2494 2161 2559 negotia
2193 2493 2474 2558 expediri,
2511 2507 2619 2559 per
2651 2494 2763 2545 hoc
2786 2491 3145 2544 sufficienter

679 2573 944 2634 innuens,
982 2573 1134 2637 quod
1168 2575 1241 2626 ad
1274 2587 1673 2640 supremorum
1706 2575 2036 2640 principum
2057 2576 2332 2627 iudicium
2366 2577 2426 2628 et
2459 2588 2702 2629 examen
2725 2575 2939 2627 debent
2963 2575 3150 2626 ardua

676 2657 886 2721 referri
914 2656 1168 2722 negotia.

739 2738 863 2791 Hec
923 2739 1099 2791 etiam
1166 2740 1454 2792 sententia
1518 2741 1709 2805 potest
1778 2739 2105 2807 theologice
2173 2740 2475 2807 declarari,
2539 2741 2601 2793 vt
2670 2740 2824 2793 enim
2899 2737 3152 2791 habetur

679 2820 867 2874 Emodi
904 2819 1008 2872 18:
1062 2821 1240 2883 Ietro,
1289 2822 1556 2874 sacerdos
1608 2823 1859 2886 Madian,
1896 2824 2103 2889 Moysi,
2156 2837 2356 2876 socero
2412 2837 2536 2884 suo,
2590 2836 2859 2888 supremo
2893 2821 3146 2886 principi

674 2904 972 2969 sinagoge,
1013 2902 1320 2964 consuluit,
1363 2906 1428 2956 ut
1466 2905 1570 2955 sub
1612 2918 1675 2956 se
1715 2906 2007 2971 principes
2054 2907 2444 2968 constitueret,
2492 2907 2588 2971 quj
2637 2906 2864 2957 minora
2910 2904 3151 2968 negotia

674 2985 1000 3036 iudicarent
1040 2986 1100 3037 et
1139 2986 1211 3036 ad
1251 2986 1439 3049 ipsum
1478 2987 1700 3038 maiora
1736 2989 2044 3042 referrent.
2090 3007 2116 3030 κ
2155 2988 2313 3050 Esto,
2341 3012 2368 3034 u
2413 2988 2621 3052 inquit,
2662 3007 2688 3030 α
2727 2988 2791 3038 ιιι
2830 2984 3046 3050 populo
3089 2985 3151 3035 in

677 3067 811 3125 hiis,
837 3079 951 3130 que
974 3066 1046 3118 ad
1074 3066 1257 3118 Deum
1279 3069 1592 3132 pertinent,
1618 3070 1683 3120 ut
1703 3071 1925 3121 referas
1948 3083 2060 3134 que
2096 3070 2366 3121 dicuntur
2402 3069 2474 3121 ad
2508 3048 2720 3133 D⁸eum3
2760 3068 3151 3131 ostendasque

674 3147 885 3214 populo
932 3149 1277 3200 cerimonias
1323 3151 1383 3201 et
1426 3150 1602 3201 ritum
1666 3150 1891 3216 colendj
1940 3152 2204 3215 viamque
2251 3165 2357 3216 per
2406 3165 2573 3215 quam
2624 3150 2852 3216 ingredj
2903 3149 3154 3201 debeant

675 3230 736 3282 et
760 3243 902 3294 opus
925 3230 1079 3293 quod
1100 3232 1317 3291 facere3
1352 3232 1593 3296 prouide
1638 3236 1830 3284 autem
1856 3233 1927 3284 de
1953 3234 2104 3298 omnj
2133 3232 2303 3298 plebe
2326 3234 2482 3284 viros
2505 3234 2770 3298 potentes
2795 3233 2854 3283 et
2875 3231 3151 3283 timentes

676 3311 882 3369 Deum,
925 3313 984 3362 in
1021 3312 1226 3375 quibus
1267 3313 1343 3363 sit
1380 3314 1592 3365 veritas
1631 3317 1690 3365 et
1732 3315 1829 3379 quj
1875 3315 2105 3367 oderint
2143 3315 2476 3377 auariciam,
2519 3315 2581 3367 et
2621 3313 2907 3365 constitue
2951 3326 3021 3364 ex
3066 3314 3152 3363 eis

677 3393 940 3444 tribunos
964 3394 1024 3444 et
1046 3395 1411 3446 centuriones
1437 3396 1496 3447 et
1521 3395 2043 3462 quinquagenarios
2078 3398 2137 3449 et
2172 3397 2438 3458 decanos,
2473 3396 2571 3460 qui
2593 3395 2850 3447 iudicent
2872 3393 3153 3460 populum

676 3475 830 3539 omnj
870 3477 1167 3539 tempore:
1210 3477 1486 3540 quidquid
1522 3479 1712 3529 autem
1747 3480 1931 3529 maius
1965 3479 2163 3537 fuerit,
2200 3480 2461 3530 referant
2494 3479 2565 3530 ad
2596 3479 2674 3540 te,
2703 3478 2764 3529 et
2785 3477 2894 3541 ipsj
2922 3476 3155 3527 minora

675 3558 1066 3610 tantummodo
1112 3560 1369 3611 iudicent
1399 3561 1492 3622 (l).
1522 3583 1547 3605 n
1595 3558 1813 3619 Quibus
1864 3562 2098 3624 auditis,
2146 3563 2211 3613 ut
2245 3562 2456 3613 dicitur
2489 3561 2723 3621 ibidem,
2760 3559 2974 3611 Moises
3007 3559 3153 3611 fecit

677 3640 889 3699 omnia,
927 3642 991 3691 ut
1023 3640 1125 3692 ille
1159 3643 1549 3707 suggesserat,
1587 3644 1647 3694 et
1679 3641 1880 3695 electis
1915 3644 2056 3695 viris
2092 3643 2347 3695 strenuis
2374 3644 2443 3695 de
2468 3644 2674 3694 cuncto
2708 3641 2920 3707 populo
2944 3639 3152 3698 lsrael.

679 3720 956 3785 quidquid
1012 3723 1248 3787 grauius
1305 3724 1450 3783 erat,
1511 3725 1843 3776 referebant
1893 3725 1966 3776 ad
2021 3739 2170 3784 eum,
2222 3723 2489 3776 faciliora
2548 3723 2945 3775 tantummodo
2996 3721 3151 3773 iudi-

677 3804 875 3854 cantes
900 3804 992 3865 (2).
1050 3803 1231 3856 Juxta
1262 3804 1417 3856 istud
1451 3805 1808 3870 propositum
1841 3804 2087 3871 legimus
2123 3806 2300 3859 etiam
2333 3806 2574 3858 Actwum
2612 3806 2674 3855 15
2714 3817 2866 3869 cap.,
2901 3803 3060 3867 quod
3093 3803 3153 3854 in

676 3883 1017 3949 Antyochia‚
1065 3886 1356 3938 sedicione
1403 3887 1555 3937 facta
1603 3901 1716 3938 non
1763 3888 2001 3939 minima
2044 3901 2217 3953 super
2276 3888 2617 3939 necessitate
2677 3886 2767 3939 vel
2823 3885 3151 3938 cessatione

676 3965 1129 4018 circumcisionis
1154 3970 1217 4019 et
1235 3966 1480 4019 aliorum
1504 3966 1780 4034 legalium
1796 3970 1949 4021 inter
1966 3983 2275 4021 conuersos
2301 3983 2372 4021 ex
2399 3968 2725 4036 gentilitate
2749 3968 2809 4020 et
2829 3966 3148 4024 Iudaismo,

679 4048 879 4099 statuit
920 4048 1164 4101 ecclesia
1204 4049 1353 4100 hanc
1393 4051 1629 4101 arduam
1671 4051 2031 4114 questionem
2070 4052 2292 4103 referre
2333 4051 2407 4102 ad
2447 4051 2711 4114 Petrum,
2756 4047 3150 4114 apostolorum

679 4130 1017 4194 principem,
1054 4132 1112 4182 et
1147 4130 1291 4182 alios
1327 4131 1616 4195 apostolos
1653 4146 1969 4197 supremos,
1993 4135 2254 4198 pastores
2288 4131 2549 4193 ecclesie,
2588 4131 2706 4196 qui,
2743 4132 2896 4182 facta
2930 4142 3144 4196 magna

749 4461 822 4523 (ι)
862 4460 1046 4515 Exodi
1070 4460 1151 4520 18,
1181 4462 1353 4513 ιιι-22.

652 4592 658 4602 ,
753 4542 826 4605 (2)
861 4539 1049 4595 Emoda·
1074 4542 1155 4608 18,
1181 4543 1355 4594 24-26.
