3526 5522
759 564 826 615 32
1258 532 1263 536 ’
1794 564 2003 618 ΑΝΝο
2043 564 2171 616 1349

745 728 808 792 jd
843 728 933 779 est
969 727 1126 779 intra
1165 726 1499 789 Ecclesiam,
1538 728 1712 780 etiam
1750 728 1974 779 tantum
2010 727 2371 792 professione
2405 729 2465 779 et
2497 726 2743 788 nomine,
2781 741 2882 778 vos
2915 725 3200 791 iudicatis,

747 809 880 862 illos
906 811 1115 871 autem,
1143 811 1239 875 quj
1267 812 1409 861 toris
1433 812 1583 871 sunt,
1610 813 1815 875 utputa
1836 809 2045 861 Iudeos
2070 811 2130 862 et
2152 809 2297 861 alios
2323 808 2601 867 infideles,
2624 810 2814 862 vestra
2836 823 2950 861 non
2973 810 3204 861 interest

748 892 1022 953 iudicare,
1066 892 1269 945 saltem
1301 906 1508 958 penam
1543 890 1900 957 spiritualem
1941 891 2260 958 infligendo
2300 891 2536 945 eisdem.
2564 914 2590 938 n
2627 890 2753 943 Hoc
2791 893 2897 952 est,
2941 893 3093 955 quod
3132 890 3207 942 ait

749 974 1041 1038 apostolus
1079 974 1274 1026 Primo
1297 973 1376 1026 ad
1408 971 1763 1026 chorinthios
1784 973 1842 1022 50
1866 974 1940 1036 (1)
1969 984 1983 1023 z
2012 994 2037 1016 ιι
2070 972 2219 1032 Quid
2243 974 2397 1025 enim
2420 973 2562 1025 mihi
2587 976 2676 1025 est
2699 973 2771 1025 de
2794 973 2926 1034 hiis,
2953 974 3050 1038 quj
3074 973 3208 1024 ioris

747 1057 900 1119 sunt,
924 1056 1209 1108 iudicare?
1244 1070 1433 1107 nonne
1467 1057 1622 1107 Deus
1656 1055 1933 1107 iudicabit
1966 1057 2098 1106 eos?
2123 1078 2148 1100 v·
2174 1056 2383 1108 Glosa:
2422 1075 2448 1098 κ
2476 1056 2629 1137 Deus
2654 1057 2895 1115 tantum,
2923 1069 3037 1107 non
3060 1055 3206 1107 enim

748 1138 913 1189 nobis
935 1138 1237 1197 commisit,
1264 1139 1329 1189 ut
1351 1152 1450 1189 eos
1472 1138 1818 1202 iudicemus;
1845 1140 1916 1191 de
1940 1139 2053 1204 hijs
2078 1141 2287 1196 autem,
2314 1139 2409 1204 quj
2436 1140 2592 1190 intus
2615 1141 2765 1197 sunt,
2796 1138 3082 1191 iudicatis.
3104 1160 3130 1182 a·

817 1218 914 1271 Est
936 1233 1076 1285 ergo
1096 1219 1341 1288 populus
1356 1235 1467 1287 per
1487 1234 1679 1273 omnes
1695 1223 2027 1287 prouincias
2047 1222 2215 1288 νᾶφυ·
2230 1222 2314 1285 cuj
2338 1219 2821 1287 dispersusmoms
2837 1228 2992 1273 veens
3007 1217 3209 1286 lembus

748 1308 800 1353 et
821 1301 1157 1368 cerimoniis.
1183 1302 1251 1354 In
1277 1302 1481 1366 quibus
1506 1304 1734 1367 quidem
1758 1304 1968 1363 verbis,
1993 1304 2266 1367 quantum
2293 1303 2365 1354 ad
2387 1304 2530 1354 istos
2549 1302 2986 1370 Flagellatores,
3010 1301 3075 1353 3·
3097 1303 3212 1353 tan-

748 1386 966 1449 guntur
1003 1396 1017 1433 :
1068 1397 1199 1435 nam
1238 1385 1299 1435 in
1341 1384 1562 1449 primis,
1608 1386 1884 1448 quantum
1929 1385 1998 1436 ad
2039 1385 2416 1444 intellectum,
2461 1385 2721 1451 tangitur
2760 1397 2961 1436 eorum
3000 1383 3213 1435 ruditas

753 1465 1033 1526 nubilosa,
1062 1479 1192 1517 cum
1228 1466 1473 1518 dicitur:
1501 1465 1784 1533 populus,·
1819 1468 1895 1525 2⁰,
1933 1469 2209 1531 quantum
2243 1468 2314 1519 ad
2350 1480 2653 1519 numerum
2686 1479 2902 1522 eorum.
2931 1466 3210 1529 quantitas

752 1547 1005 1611 copiosa,
1033 1561 1161 1599 cum
1185 1548 1396 1599 dicitur
1420 1563 1434 1598 ε
1464 1562 1573 1615 per
1604 1561 1806 1618 omnes„
1825 1550 2157 1612 prouincias
2188 1550 2353 1616 reynj
2382 1549 2467 1615 try·
2491 1548 2810 1617 dispersus:
2841 1548 2917 1607 3⁰,
2948 1549 3211 1612 quantum

754 1630 825 1682 ad
871 1630 1157 1689 affectum,
1206 1644 1406 1682 eorum
1451 1632 1673 1682 vanitas
1719 1632 1967 1690 curiosa,
2016 1644 2145 1682 cum
2187 1632 2398 1683 dicitur
2440 1645 2454 1682 ε
2502 1634 2669 1684 nouis
2713 1638 2868 1684 vtem
2912 1628 3122 1696 leqibus
3163 1634 3211 1680 et

760 1712 1099 1778 cerimoniis.

818 1792 887 1845 In
911 1793 1115 1858 primis
1138 1807 1278 1861 ergo
1305 1795 1563 1860 tangitur
1593 1795 1838 1846 istorum
1867 1794 2180 1853 hominum,
2207 1796 2482 1858 quantum
2505 1795 2578 1846 ad
2598 1793 2978 1856 intellectum,
3002 1793 3216 1844 ruditas

756 1875 1038 1936 nubilosa,
1095 1889 1225 1927 cum
1282 1876 1492 1928 dicitur
1528 1896 1541 1925 ε
1588 1875 1866 1944 populum·
1913 1878 1976 1927 vt
2029 1877 2184 1928 enim
2241 1877 2620 1942 experientia,
2673 1890 2870 1929 rerum
2925 1875 3215 1940 magistra,

753 1958 1123 2018 demonstrat,
1169 1959 1551 2009 communiter
1590 1957 1838 2022 populus
1879 1960 1969 2009 est
2010 1958 2276 2010 indoctus
2319 1960 2379 2010 et
2421 1959 2601 2019 rudis,
2648 1959 2976 2025 ignorantie
3024 1955 3214 2008 nubilo

753 2039 1098 2090 obtuscatus.
1135 2039 1259 2090 Hoc
1293 2040 1401 2099 est,
1440 2040 1591 2103 quod
1624 2040 1815 2091 innuit
1849 2039 2235 2104 Philosophus
2268 2039 2303 2089 3
2339 2038 2627 2093 Rethorice
2659 2039 2728 2090 34
2758 2053 2883 2104 cap.
2929 2054 2943 2090 ε
2984 2060 3011 2082 ι
3037 2039 3165 2094 Vbi,
3192 2059 3215 2080 ι

753 2120 958 2184 inquit,
997 2139 1023 2162 κ
1050 2119 1233 2172 maior
1267 2122 1357 2172 est
1387 2120 1654 2186 populus,
1690 2120 1770 2186 ibj
1808 2120 1997 2172 minor
2039 2120 2134 2173 uel
2170 2122 2450 2173 remotior
2484 2120 2832 2174 intellectus.
2859 2143 2884 2164 n
2920 2120 3074 2172 Hinc
3115 2123 3214 2178 est,

759 2202 910 2267 quod
946 2202 1017 2255 de
1050 2204 1338 2255 communi
1371 2203 1679 2256 Iudeorum
1712 2203 1926 2269 populo
1963 2204 2225 2270 Pharisej
2252 2205 2552 2257 dicebant:
2591 2226 2616 2248 ιι
2645 2204 2858 2265 Turba,
2880 2228 2905 2248 ·
2932 2205 3215 2269 inquiunt,

763 2306 788 2328 ιι
814 2284 941 2345 hec,
970 2298 1081 2348 que
1117 2299 1231 2336 non
1266 2286 1429 2337 nouit
1465 2285 1675 2352 legem,
1705 2308 1731 2332 n
1773 2283 2059 2338 Iohannis
2096 2285 2155 2335 7⁰
2188 2301 2313 2352 cap.
2348 2285 2438 2354 (ξ),
2476 2288 2639 2351 quasi
2674 2288 2971 2339 dicerent:
2999 2307 3028 2330 ιι
3057 2285 3218 2338 turba

762 2366 873 2419 hec
894 2367 1170 2433 ignorans
1195 2369 1254 2419 et
1275 2368 1453 2418 rudis.
1484 2390 1510 2413 η

824 2448 899 2501 Et
919 2462 1144 2509 reuera,
1171 2452 1338 2514 pater
1360 2449 1740 2513 sanctissime,
1767 2449 1912 2501 nulli
1934 2450 2041 2515 virj
2069 2449 2307 2516 litteratj
2334 2452 2395 2503 et
2416 2452 2588 2502 etiam
2614 2451 2939 2515 paucissimi
2967 2451 3042 2502 de
3064 2449 3222 2503 laicis

758 2531 1071 2582 maioribus
1111 2531 1438 2596 vigentibus
1477 2531 1777 2584 intellectu
1816 2530 1951 2583 huic
1991 2534 2145 2584 secte
2184 2532 2484 2595 adherent,
2521 2532 2623 2584 sed
2657 2533 2821 2596 quasi
2856 2534 2987 2583 sunt
3031 2543 3224 2583 omnes

756 2612 1019 2663 homines
1058 2611 1385 2677 populares.
1426 2613 1608 2676 Vnde,
1651 2613 1791 2664 licet
1825 2613 2003 2677 aliqui
2039 2615 2366 2666 sacerdotes
2400 2613 2492 2666 uel
2530 2609 2792 2680 religiosi
2826 2615 2967 2665 istos
3009 2611 3227 2665 mendi·

755 2695 952 2746 cantes
992 2696 1306 2758 sequantur
1338 2695 1428 2746 vel
1478 2696 1867 2758 obsequantur
1912 2696 2148 2760 eisdem,
2192 2710 2386 2747 coram
2420 2697 2504 2749 eis
2539 2695 2880 2749 celebrando
2915 2709 3023 2760 per
3056 2696 3223 2757 viam,

759 2777 859 2828 isti
894 2779 1086 2829 tamen
1127 2792 1240 2829 non
1276 2780 1411 2830 sunt
1452 2779 1558 2842 virj
1604 2777 1867 2843 litterati,
1905 2780 2005 2830 sed
2049 2779 2194 2845 asinj
2243 2779 2524 2845 coronati,
2565 2777 2754 2845 legem
2795 2779 3024 2844 Domini
3070 2779 3227 2843 igno·

758 2863 974 2921 rantes,
1000 2860 1096 2925 quj
1123 2861 1442 2925 sequuntur
1465 2875 1565 2913 eos
1588 2876 1703 2914 non
1735 2864 1975 2928 propter
2009 2863 2212 2928 Deum,
2238 2876 2368 2914 cum
2391 2862 2506 2914 sint
2527 2862 2789 2914 homines
2824 2861 3107 2918 indeuoti,
3132 2858 3227 2912 sed

753 2944 995 3008 propter
1041 2944 1299 3005 questum
1342 2944 1400 2994 et
1445 2957 1632 3009 escas;
1680 2946 1874 3008 vtique
1923 2945 1984 2995 in
2027 2944 2139 3009 mej
2189 2946 2250 2996 et
2291 2943 2602 2996 multorum
2649 2943 2893 2995 aliorum
2935 2943 3229 3007 presentia

756 3024 990 3088 quidam
1011 3025 1196 3075 trater
1226 3024 1635 3091 interrogatus,
1662 3039 1769 3077 cur
1790 3026 1908 3077 illis
1945 3026 2271 3088 adhereret,
2295 3040 2425 3078 cum
2460 3026 2685 3078 audiret
2707 3027 2767 3077 et
2789 3025 2964 3076 sciret
2983 3025 3228 3076 istorum

754 3108 910 3159 iacta
933 3108 992 3158 et
1016 3106 1163 3157 ritus
1199 3107 1513 3171 espiscopis
1554 3109 1615 3159 et
1647 3107 1876 3160 clericis
1909 3108 2224 3160 maioribus
2267 3107 2593 3173 displicere,
2628 3107 2968 3172 respondit:
3005 3126 3035 3149 α
3066 3107 3230 3159 Certe

755 3190 987 3253 oportet
1020 3202 1124 3239 nos
1156 3188 1354 3239 viuere
1391 3188 1461 3240 de
1496 3189 1660 3240 bonis
1696 3189 2064 3256 burgentium
2098 3189 2269 3241 huius
2304 3188 2461 3249 ville,
2499 3191 2558 3242 et
2591 3190 2716 3241 siue
2751 3188 2826 3240 sit
2858 3188 3076 3240 bonum
3111 3188 3231 3239 siue

755 3269 989 3332 malum,
1032 3269 1187 3333 quod
1225 3270 1464 3331 iaciunt,
1508 3271 1592 3322 eis
1635 3272 1872 3337 obsequj
1921 3286 2025 3323 nos
2073 3273 2320 3337 oportet.
2341 3294 2367 3317 ιο
2410 3271 2681 3336 Exceptis
2718 3284 2859 3337 ergo
2902 3268 3227 3333 huiusmodi

757 3350 1150 3403 sacerdotibus
1198 3353 1258 3403 et
1303 3350 1595 3417 religiosis
1651 3352 2129 3415 mendicantibus,
2172 3353 2335 3416 quasi
2392 3366 2590 3404 omnes
2635 3351 2730 3417 alii
2778 3353 2913 3403 sunt
2968 3351 3232 3402 homines

757 3432 1069 3498 populares
1093 3434 1153 3484 et
1185 3447 1290 3497 per
1321 3446 1676 3497 consequens
1711 3434 1949 3499 indoctj,
1988 3434 2175 3500 ignarj
2213 3437 2274 3486 et
2305 3435 2500 3487 rudes.
2535 3433 2659 3486 Hec
2696 3436 2886 3485 autem
2919 3432 3148 3485 ruditas
3181 3432 3237 3484 et

759 3515 1090 3581 ignorantia
1122 3528 1296 3567 causa
1329 3517 1435 3573 est,
1473 3515 1679 3567 saltem
1717 3529 1823 3580 pro
1864 3517 2067 3580 maiorj
2104 3518 2288 3582 parte,
2326 3530 2503 3580 quare
2537 3515 2701 3581 multi
2749 3529 2950 3567 eorum
2988 3514 3236 3567 credunt

758 3597 929 3647 istam
957 3598 1171 3647 sectam
1196 3610 1324 3648 esse
1358 3599 1613 3649 sanctam
1637 3598 1696 3648 et
1718 3596 1953 3648 licitam.
1980 3598 2192 3650 Vident
2224 3598 2380 3649 enim
2415 3598 2657 3663 quedam
2692 3597 3030 3663 apparentia
3064 3596 3229 3648 boni·

762 3678 895 3730 tatis
930 3678 1160 3736 indicia,
1187 3679 1540 3730 etnesciunt
1572 3680 1859 3743 profunde
1891 3679 2220 3731 discernere
2253 3681 2406 3732 inter
2438 3681 2651 3731 bonum
2685 3681 2746 3731 et
2777 3679 3010 3740 malum,
3050 3678 3235 3730 solum

760 3757 1201 3823 superficialiter
1232 3759 1573 3821 iudicantes,
1610 3773 1725 3810 non
1760 3759 2145 3821 aduertentes,
2183 3762 2335 3824 quod
2368 3761 2449 3811 ait
2482 3760 2881 3817 crisostomus,
2929 3757 3143 3812 omilin
3170 3758 3237 3806 27

759 3854 929 3906 super
974 3837 1216 3900 ΜαεΙιεο,
1260 3841 1318 3891 in
1364 3854 1540 3904 opere
1586 3841 1947 3905 imperfecto,
1987 3842 2084 3905 ubj
2134 3841 2218 3892 sic
2256 3842 2484 3905 inquit:
2536 3861 2561 3884 κ
2588 3840 2786 3893 Omnis
2822 3840 3084 3892 seductio
3122 3851 3233 3891 non

759 3923 951 3986 potest
975 3922 1270 3979 seducere,
1295 3921 1407 3973 nisi
1430 3921 1641 3973 habeat
1661 3921 1797 3987 bonj
1825 3922 2097 3983 colorem,
2124 3925 2364 3988 propter
2385 3924 2536 3986 quod
2559 3922 2823 3975 videatur
2843 3923 3060 3973 bonum
3084 3934 3230 3983 esse,

760 4003 911 4066 quod
945 4003 1161 4055 malum
1195 4005 1315 4065 est;
1354 4017 1522 4056 omne
1556 4003 1711 4055 enim
1746 4004 1960 4055 malum
1993 4003 2175 4055 voluit
2208 4005 2361 4056 Deus
2394 4004 2577 4057 latere
2612 4005 2716 4056 sub
2752 4003 2946 4055 colore
2979 4003 3144 4067 bonj,
3177 4004 3234 4054 et

763 4098 931 4137 omne
968 4086 1183 4136 bonum
1227 4083 1413 4136 uoluit
1455 4098 1582 4137 esse
1624 4086 1729 4136 sub
1778 4085 2027 4152 caligine
2067 4086 2452 4147 obscuritatis,
2501 4088 2565 4138 ut
2601 4088 2664 4137 tu
2705 4099 2811 4137 nec
2850 4086 3067 4137 bonum
3108 4086 3233 4135 sine

761 4165 959 4219 labore
992 4167 1271 4226 inuenias,
1306 4180 1414 4219 nec
1449 4166 1663 4219 malum
1699 4168 1825 4220 sine
1858 4168 2057 4220 labore
2090 4168 2292 4220 enites.
2320 4167 2638 4234 Negligens
2673 4168 2864 4220 autem
2887 4180 2995 4219 nec
3016 4166 3234 4219 bonum

841 4485 914 4554 (1)
954 4488 979 4537 l
1004 4486 1097 4539 Ad
1136 4487 1452 4542 Corinthios
1485 4490 1538 4554 5,
1577 4489 1759 4541 1243.

836 4569 910 4633 (2)
945 4566 1224 4623 Iohannis
1254 4570 1309 4634 7,
1342 4570 1426 4621 49.
