3526 5522
781 557 875 612 108
1812 555 2019 612 ANNO
2055 556 2184 610 1460

776 722 970 773 docuit
1007 722 1215 774 multos
1260 723 1428 786 atque
1465 722 1785 773 introduxit
1827 722 1882 773 in
1930 723 2160 788 sectam,
2207 722 2356 775 iuste
2397 722 2793 774 misericordia
2836 722 3073 775 ecclesie
3110 718 3204 773 tali

773 806 1107 872 denegatur,
1148 806 1326 856 eciam
1371 818 1475 870 pro
1519 806 1704 870 prima
1746 805 1886 857 vice.
1924 805 2015 858 Ita
2044 818 2181 858 vero
2215 806 2325 857 tuit
2358 806 2420 857 in
2453 819 2588 858 casu
2629 807 2814 872 prime
2858 804 3203 857 execucionis

770 888 954 951 quoad
979 900 1174 940 omnes
1200 900 1320 939 sex.
1347 887 1417 938 Et
1438 892 1568 952 post
1589 886 1770 939 multa
1791 887 1906 940 alia
1927 889 2095 954 signa
2115 901 2217 941 sue
2239 888 2664 953 impenitencie,
2689 901 2803 953 que
2838 887 3206 954 agnoscebant

764 971 1000 1028 iudices,
1023 971 1250 1024 tandem
1272 972 1332 1023 in
1356 985 1458 1024 sue
1482 972 1888 1037 impenitencie
1911 974 1971 1024 et
1993 973 2376 1039 predictorum
2404 974 2699 1040 signorum
2721 972 3201 1025 confirmacionem

764 1053 825 1105 in
860 1055 1042 1105 morte
1077 1067 1240 1105 suum
1275 1067 1467 1105 casum
1499 1052 1695 1118 plures
1730 1053 2104 1120 abnegarunt.
2143 1055 2267 1106 Due
2290 1068 2426 1106 vero
2462 1054 2733 1108 mulieres
2758 1055 2829 1107 de
2854 1068 3084 1106 numero
3110 1053 3201 1105 illo
3313 1100 3320 1106 .

766 1136 1152 1201 cognoverant
1188 1147 1379 1186 casum
1420 1148 1583 1187 suum
1645 1135 1704 1187 in
1745 1135 1973 1187 iusticia
2010 1135 2253 1188 seculari
2294 1139 2355 1189 et
2391 1145 2557 1189 erant
2596 1138 2726 1190 date
2770 1138 2992 1189 iusticie
3029 1135 3201 1188 eccle·

764 1217 992 1270 siastice
1015 1231 1143 1270 cum
1168 1231 1361 1278 onere,
1383 1217 1648 1270 videlicet
1674 1219 1846 1283 quod,
1866 1222 2063 1283 preter
2086 1219 2196 1270 hoc
2218 1219 2370 1284 quod
2393 1221 2559 1272 erant
2581 1220 2653 1273 de
2674 1224 2832 1273 secta
2852 1219 3203 1271 valdensium

761 1299 1169 1365 ydolatrarum,
1210 1301 1613 1353 commiserant
1649 1306 1946 1365 peccatum
1983 1305 2183 1353 contra
2220 1303 2502 1362 naturam,
2531 1302 2816 1356 abutendo
2851 1316 2975 1354 cum
3008 1302 3198 1355 demo-

761 1382 930 1434 nibus
951 1383 1012 1434 in
1034 1384 1221 1435 torma
1252 1382 1502 1435 humana
1534 1385 1594 1435 et
1627 1383 1983 1435 diversorum
2019 1383 2348 1436 animalium
2383 1385 2682 1437 brutorum
2713 1386 2934 1452 figuris.
2968 1384 3042 1438 Bt
3073 1397 3203 1451 pro-

759 1467 1102 1517 curaverunt
1136 1464 1435 1533 sortilegia
1476 1465 1646 1529 atque
1679 1466 2093 1519 tascinaciones
2125 1480 2231 1531 per
2262 1466 2528 1533 pulveres
2552 1468 2713 1519 datos
2735 1480 2771 1519 a
2798 1467 3129 1519 demonibus
3149 1468 3205 1518 et

759 1560 864 1612 per
885 1549 1071 1599 certas
1106 1547 1246 1599 alias
1282 1548 1734 1601 commixtiones.
1761 1547 1837 1600 Et
1858 1553 2317 1615 recognoverunt
2350 1550 2542 1602 omnia
2563 1550 2668 1602 hec
2691 1551 2746 1601 in
2773 1550 2997 1602 iusticia
3017 1548 3198 1602 eccle·

759 1629 1005 1681 siastica.
1032 1629 1442 1694 Habebantque
1467 1632 1766 1683 demonem
1787 1631 2132 1685 familiarem
2150 1635 2209 1685 et
2224 1635 2452 1698 pactum
2470 1645 2807 1698 expressum
2825 1646 2950 1685 cum
2968 1633 3201 1683 demone

760 1725 833 1763 ex
864 1714 1068 1764 natura
1100 1716 1254 1764 secte
1288 1712 1673 1766 valdensium.
1710 1712 1914 1766 Getere
1949 1717 2139 1767 autem
2172 1719 2272 1767 aut
2303 1716 2482 1768 ceteri
2518 1718 2763 1780 quatuor
2800 1715 3203 1766 conveniebant

757 1808 885 1846 cum
909 1795 1024 1846 illis
1046 1795 1264 1847 duabus
1286 1797 1345 1847 in
1371 1795 1632 1848 omnibus
1665 1797 1939 1861 pretactis
1973 1797 2308 1862 sceleribus,
2334 1803 2393 1850 et
2416 1798 2569 1850 ultra
2599 1797 2997 1849 commiserant
3029 1796 3204 1848 multa

759 1877 1039 1929 maleficia
1072 1881 1131 1930 et
1163 1879 1470 1945 sacrilegia
1503 1878 1573 1930 de
1607 1879 1812 1930 hostiis
1847 1880 2082 1931 sacratis
2119 1881 2266 1932 datis
2300 1881 2641 1940 buffonibus,
2676 1883 2735 1933 et
2767 1882 3206 1946 procuraverant

755 1961 995 2025 dampna
1020 1960 1080 2011 in
1105 1962 1260 2012 terre
1283 1961 1466 2020 bonis,
1494 1964 1666 2024 atque
1699 1961 1894 2025 plures
1928 1963 2274 2014 induxerant
2294 1963 2367 2014 ad
2391 1964 2537 2015 hanc
2570 1964 2928 2028 dampnatam
2958 1961 3203 2015 valden-

753 2043 899 2093 sium
918 2044 1148 2101 sectam,
1175 2043 1387 2107 absque
1410 2043 1682 2108 periuriis
1707 2043 1920 2102 multis,
1947 2049 2055 2095 etc.
2078 2045 2151 2097 Et
2173 2059 2305 2106 una,
2332 2046 2552 2098 scilicet
2572 2045 2885 2103 Denisetta‚
2909 2048 3211 2111 perpetra«

755 2128 914 2176 verat
947 2123 1259 2186 filicidium,
1294 2128 1350 2176 et
1385 2125 1574 2176 Abbas
1617 2126 1780 2190 parvi
1818 2139 2018 2178 sensus
2058 2127 2226 2192 plura
2259 2127 2584 2180 homicidia.
2622 2127 2697 2179 Et
2727 2130 2981 2192 pretacta
3012 2129 3204 2179 omnia

758 2207 1021 2257 constant
1042 2220 1178 2259 vera
1199 2220 1270 2259 ex
1294 2208 1586 2260 sentencia
1608 2209 1668 2260 et
1687 2208 2067 2273 processibus,
2096 2211 2202 2262 etc.

1455 2405 1536 2457 13.
1574 2402 1908 2458 Eoehortaoio
1943 2405 2123 2460 brevis
2154 2405 2234 2460 ad
2266 2406 2499 2461 iudices.

820 2538 1222 2592 Succrescente
1260 2539 1452 2604 itaque
1493 2538 1731 2592 nimium
1771 2540 1971 2593 diebus
2009 2541 2136 2592 istis
2179 2540 2239 2593 in
2280 2540 2573 2606 publicum
2615 2542 3023 2593 nefandissima
3064 2541 3200 2594 Val-

756 2621 1013 2674 densium
1036 2624 1210 2682 secta,
1235 2636 1365 2687 que,
1384 2624 1727 2687 procurante
1750 2624 1983 2690 generis
2007 2623 2241 2676 humani
2258 2624 2510 2682 inimico,
2530 2637 2635 2690 per
2658 2623 2998 2675 diverticula
3019 2626 3201 2677 terra·

750 2718 878 2756 rum
897 2707 956 2757 et
973 2704 1211 2757 latibula
1233 2719 1528 2757 nemorum
1552 2706 1716 2757 annis
1739 2706 2131 2772 superioribus
2153 2707 2213 2758 in
2237 2706 2343 2758 hac
2365 2707 2606 2773 regione
2640 2704 2935 2758 celabatur
2960 2706 3203 2765 occulta,

752 2790 913 2853 quasi
939 2803 1052 2840 non
1084 2790 1256 2847 esset,
1294 2788 1535 2840 assiduis
1570 2788 1825 2841 fidelium
1858 2790 2122 2854 precibus
2158 2790 2479 2841 exorandus
2502 2793 2590 2841 est
2613 2789 2786 2853 Deus,
2811 2792 2876 2842 ut
2895 2792 3005 2842 iam
3032 2804 3203 2843 exur-

751 2871 872 2936 gat,
900 2871 959 2923 et
980 2871 1329 2936 dissipentur
1360 2871 1577 2922 inimici
1611 2872 1735 2923 eius
1771 2873 1830 2923 et
1860 2872 2104 2938 fugiant,
2145 2873 2243 2937 qui
2278 2872 2519 2924 oderant
2552 2886 2701 2935 eum,
2726 2886 2759 2923 a
2788 2874 2936 2925 facie
2968 2873 3117 2934 eius.
3143 2875 3206 2925 ut

750 2953 933 3005 eciam
975 2954 1090 3004 tam
1124 2954 1498 3005 maximarum
1532 2966 1726 3006 rerum
1766 2955 2105 3006 tractatores
2128 2956 2186 3007 et
2215 2954 2454 3016 iudices,
2491 2953 2718 3006 Christo
2754 2956 3001 3021 auspice,
3037 2957 3202 3007 cuius

749 3049 845 3087 res
885 3035 1095 3101 agitur,
1120 3036 1430 3088 eorundem
1472 3035 1727 3088 fidelium
1765 3036 2197 3102 precacionibus
2237 3037 2435 3096 adiuti,
2475 3041 2818 3089 concurrant
2855 3037 3202 3104 singularius

703 3142 708 3147 ·
747 3119 808 3169 et
845 3119 1225 3181 cooperentur
1273 3132 1375 3169 suo
1426 3118 1693 3181 creatori,
1730 3119 2065 3171 accedentes
2111 3120 2182 3170 ad
2226 3133 2328 3171 cor
2372 3119 2569 3179 altum,
2611 3121 2676 3172 ut
2721 3119 3003 3172 exaltetur
3046 3120 3199 3172 Deus

746 3199 970 3264 sibique
1012 3213 1082 3252 ea
1125 3201 1461 3265 tempestate
1494 3202 1850 3261 restituatur,
1886 3215 2084 3253 eorum
2132 3215 2324 3267 opera,
2372 3216 2624 3255 summus
2668 3202 2855 3253 honor
2897 3215 3053 3260 suus.
3105 3202 3201 3267 qui

745 3283 1010 3347 superbe,
1047 3282 1352 3335 ambiciose
1376 3285 1436 3336 et
1456 3284 1651 3348 inique
1683 3298 1718 3336 a
1752 3297 1886 3335 sevo
1920 3284 2286 3337 tenebrarum
2319 3286 2576 3350 principe
2611 3298 2683 3337 ex
2716 3285 2915 3337 diebus
2948 3285 3201 3349 antiquis

747 3367 1075 3431 usurpatur.
1111 3365 1177 3417 In
1209 3368 1455 3418 mentem
1491 3380 1631 3433 ergo
1685 3367 1800 3419 iam
1833 3367 2085 3419 iudicum
2122 3369 2330 3429 veniat,
2367 3381 2534 3432 quam
2568 3366 2888 3419 umbratilis
2921 3380 3204 3431 quamque

744 3448 1133 3515 perfunctoria
1155 3449 1214 3501 et
1235 3450 1631 3501 momentanea
1651 3449 1726 3500 sit
1752 3448 1859 3501 hec
1879 3449 2137 3501 mortalis
2154 3451 2272 3501 vita
2289 3451 2348 3501 et
2364 3464 2533 3513 quam
2555 3450 2784 3517 fugacia
2801 3450 2917 3501 sint
2937 3449 3205 3502 universa

750 3532 947 3584 mundi
983 3530 1418 3591 oblectamenta,
1456 3533 1784 3584 accuracius
1817 3534 2049 3584 versent
2081 3532 2269 3584 animo
2304 3531 2574 3584 mortales
2600 3533 2733 3597 ipsi,
2758 3533 2910 3596 quod
2933 3531 3203 3583 decorum

749 3614 843 3676 sit,
899 3613 1219 3679 pulchrum,
1282 3613 1567 3667 laudabile
1607 3616 1667 3667 et
1711 3615 2088 3674 meritorium,
2136 3614 2415 3681 singulari
2464 3614 2777 3667 certamine
2825 3614 3099 3682 congredi
3147 3615 3204 3666 et

747 3695 954 3747 luctari
989 3697 1257 3749 adversus
1293 3697 1592 3748 demonem
1613 3710 1718 3761 pro
1744 3697 1857 3749 fide
1880 3696 2094 3750 Christi
2117 3698 2176 3749 et
2198 3697 2324 3757 Dei,
2353 3710 2633 3761 quamque
2667 3697 2919 3749 divinum
2940 3697 2995 3749 et
3014 3709 3202 3761 prope

745 3779 973 3830 beatum
1012 3780 1088 3831 sit
1127 3780 1369 3832 reddere
1414 3780 1693 3832 honorem
1737 3781 1937 3832 eterno
1979 3779 2100 3831 Deo
2141 3780 2267 3830 vivo
2309 3780 2368 3832 et
2404 3793 2559 3840 ver0.
2603 3780 2699 3831 ubi
2736 3779 3098 3845 potissimum
3137 3792 3199 3830 se

747 3861 979 3914 exhibet
1011 3863 1127 3913 tam
1160 3861 1459 3926 explorata
1489 3862 1731 3914 materia
1765 3862 2011 3922 virtutis,
2045 3861 2286 3914 materia
2318 3862 2516 3914 eterne
2547 3862 2843 3915 felicitatis
2877 3875 2941 3914 ac
2972 3859 3198 3923 salutis,

747 3945 843 3996 ubi
874 3944 1158 4009 'deinceps
1204 3944 1407 3996 messis
1452 3947 1539 3997 est
1571 3943 1771 4008 multa,
1807 3958 1918 4009 que
1951 3943 2145 4010 plures
2181 3944 2474 4008 operarios
2516 3944 2788 4009 exposcit.
2835 3944 3199 4007 Pensentque

748 4026 968 4079 solicite
1002 4041 1109 4092 per
1143 4027 1265 4079 dies
1300 4041 1479 4079 annos
1514 4028 1664 4092 apud
1697 4040 1779 4086 se,
1817 4028 1969 4092 quod
2003 4027 2052 4079 si
2090 4027 2204 4079 iam
2238 4026 2411 4078 tantis
2445 4027 2504 4078 in
2538 4027 2730 4090 rebus,
2763 4041 2891 4078 cum
2924 4039 3065 4091 opus
3113 4028 3204 4077 est

751 4109 921 4169 facto,
947 4109 1233 4161 mundano
1269 4110 1476 4162 timore
1511 4109 1611 4161 aut
1641 4111 1838 4162 iavore
1873 4109 2120 4162 humano
2155 4107 2244 4162 vel
2270 4108 2526 4174 quolibet
2558 4108 2791 4161 sinistro
2825 4108 3011 4161 colore
3038 4107 3203 4160 ducti

749 4191 1177 4243 conniventibus
1212 4190 1392 4244 oculis
1428 4193 1588 4244 tanta
1622 4192 1851 4257 tamque
1884 4193 2144 4244 inaudita
2166 4190 2385 4243 scelera
2409 4191 2578 4255 atque
2602 4190 2830 4257 flagicia
2853 4192 2911 4243 in
2936 4192 3120 4243 Deum
3144 4191 3204 4242 et

753 4271 1039 4324 Christum
1090 4275 1211 4325 eius
1268 4275 1472 4339 punire
1520 4276 1579 4327 et
1621 4275 1943 4328 rectificare
1999 4273 2483 4327 dissimulaverint
2525 4275 2584 4325 et
2632 4272 3005 4340 neglexerint,
3065 4285 3200 4324 cum

747 4357 958 4419 quanta
1005 4369 1236 4407 suarum
1287 4358 1602 4411 animarum
1657 4358 1994 4410 contusione
2038 4360 2098 4409 in
2146 4355 2248 4408 illa
2289 4357 2584 4408 tremenda
2631 4355 2831 4408 iudicii
2874 4356 2963 4408 die
2999 4367 3201 4407 coram

742 4438 1000 4488 districto
1023 4441 1083 4490 et
1103 4438 1252 4490 iusto
1278 4439 1469 4493 iudice
1493 4441 1719 4494 Christo
1756 4440 2142 4506 compatituri,
2172 4439 2459 4504 excipient
2483 4452 2585 4504 pro
2610 4452 2713 4490 sua
2735 4436 3197 4490 dissimulacione

740 4522 798 4573 et
821 4519 1086 4586 neglectu
1119 4535 1248 4573 cum
1282 4522 1524 4588 dyabolo
1560 4524 1620 4575 et
1655 4522 1878 4589 angelis
1915 4523 2039 4577 eius
2074 4525 2335 4575 eternam
2369 4521 2853 4586 dampnacionem.
2879 4520 3099 4573 sivero
3123 4532 3199 4572 ex

743 4603 964 4656 diverso
999 4604 1194 4669 probe,
1223 4605 1496 4669 virtuose,
1531 4605 1800 4658 ardenter
1822 4611 1879 4659 et
1901 4606 2160 4657 studiose
2181 4605 2242 4655 in
2266 4605 2425 4656 tanto
2461 4604 2599 4656 fidei
2624 4604 2865 4670 negocio
2888 4615 3008 4655 cum
3032 4602 3203 4655 omni
