3526 5522
1230 597 1732 652 AANHANGSEL
2601 599 2694 654 161

337 764 605 817 «Iohannes
643 764 967 830 episcopus,
1008 776 1206 817 servus
1245 778 1539 818 servorum
1579 764 1707 829 Dei,
1748 763 1957 818 dilecto
1999 764 2117 817 fllio
2157 764 2380 817 cantori
2422 763 2697 818 ecclesiae

285 846 467 899 Beatae
494 846 701 901 Mariae
728 846 1263 907 Tenremondensis‚
1297 847 1721 901 Cameracensis
1755 847 2051 908 dioecesis,
2078 846 2320 900 salutem
2344 849 2402 901 et
2425 846 2694 914 apostoli-

286 942 386 980 cam
405 930 869 983 benedictionem.

336 1011 665 1065 Dilectarum
703 1014 764 1064 in
800 1012 1025 1065 Christo
1061 1012 1308 1066 filiarum
1329 1014 1732 1080 magistrarum
1754 1015 1816 1066 et
1836 1027 2096 1066 sororum
2122 1014 2320 1067 domus
2345 1015 2694 1082 Reginarum

287 1092 858 1161 Tenremondensium‚
903 1095 1327 1149 Cameracensis
1372 1096 1668 1156 dioecesis,
1710 1097 1975 1162 precibus
2019 1095 2293 1157 inclinati,
2341 1098 2693 1164 presentium

284 1177 368 1228 tibi
397 1179 726 1231 auctoritate
749 1179 1097 1238 mandamus,
1126 1180 1404 1243 quatenus
1428 1192 1514 1238 ea,
1540 1192 1685 1243 quae
1722 1179 1791 1231 de
1815 1179 1979 1231 bonis
2004 1179 2179 1244 ipsius
2214 1180 2413 1232 domus
2447 1179 2696 1233 alienata

281 1258 533 1313 inveneris
565 1259 769 1314 illicite
802 1261 892 1314 vel
928 1261 1219 1322 distracta,
1246 1263 1316 1313 ad
1347 1262 1439 1328 ,ius
1475 1262 1533 1315 et
1565 1262 1977 1328 proprietatem
2011 1263 2190 1328 ipsius
2214 1263 2414 1314 domus
2437 1262 2694 1329 legitime

278 1355 514 1396 revocare
547 1357 841 1410 procures,
871 1345 1321 1398 contradictores
1354 1358 1459 1410 per
1493 1357 1795 1397 censuram
1828 1343 2288 1410 ecclesiasticam,
2315 1343 2697 1411 appellatione

277 1425 576 1490 postposita,
621 1427 1060 1493 compescend03
1104 1429 1279 1481 testes
1320 1429 1528 1485 autem,
1572 1427 1668 1491 qui
1708 1427 1927 1479 suerint
1965 1427 2259 1487 nominati,
2303 1428 2351 1479 si
2391 1442 2453 1481 se
2486 1428 2692 1495 gratia,

279 1506 384 1557 odio
406 1507 489 1560 vel
515 1509 720 1561 timore
744 1509 1154 1575 subtraxerint,
1182 1523 1424 1562 censura
1447 1508 1640 1575 simili,
1665 1508 2048 1575 appellatione
2082 1512 2360 1571 cessante,
2386 1508 2693 1576 compellas

278 1589 474 1641 veritati
498 1592 888 1643 testimonium
916 1591 1243 1657 perhibere.

329 1674 516 1727 Datum
542 1676 844 1736 Arinione,
864 1677 1052 1730 idibus
1072 1676 1352 1742 «Ianuarii,
1371 1677 1735 1742 pontificatus
1760 1676 1941 1727 nostri
1963 1688 2110 1728 anno
2135 1678 2338 1742 primo,

770 1809 1007 1861 Archiet
1038 1809 1140 1860 der
1174 1808 1541 1876 Burgerllike
1576 1808 1931 1862 Godshuizen
1972 1810 2031 1862 te
2072 1809 2527 1870 Dendermonde,
2564 1824 2689 1862 oor·

833 1890 1190 1956 spronkelijk
1233 1890 1366 1943 stuk
1408 1904 1479 1955 op
1513 1891 1869 1957 perkament,
1906 1892 2169 1944 voorzien
2204 1906 2310 1944 van
2347 1891 2445 1944 het
2483 1892 2689 1945 looden

830 1972 1114 2039 pauselijk
1137 1973 1324 2041 zege13
1351 1973 1659 2040 atgedrukt
1676 1973 1820 2026 door
1836 1974 1890 2027 J.
1914 1974 2282 2035 Broeckaert‚
2307 1972 2691 2027 Cartalarium

830 2071 941 2108 van
964 2052 1057 2109 het
1084 2054 1518 2123 chq'jnhosvan
1537 2054 1985 2117 Denda-monde,
2012 2066 2072 2109 11¹·
2095 2056 2246 2117 XIV,
2272 2057 2376 2110 bls.
2400 2056 2480 2111 19.
2504 2084 2572 2097 —
2593 2058 2692 2110 Dit

836 2138 969 2191 stuk
1008 2139 1166 2193 werd
1205 2140 1347 2193 door
1390 2140 1502 2193 den
1540 2139 1803 2207 uitgever
1842 2141 1939 2193 ten
1985 2139 2257 2193 onrechte
2294 2140 2576 2207 geplaatst
2615 2153 2687 2208 op

833 2220 1087 2275 Ianuari
1104 2223 1249 2276 1316.

1269 2444 1430 2513 140
1479 2438 1669 2529 (rw).

363 2648 559 2721 1317,
594 2642 998 2729 September
1053 2649 1119 2722 7,
1155 2642 1513 2732 Aviynon.
1555 2647 1676 2710 Bul
1708 2663 1836 2710 van
1885 2664 2043 2726 paus
2093 2648 2420 2712 Johannes
2470 2648 2680 2724 XXH,

277 2743 510 2824 waarbii
573 2745 660 2824 hii
723 2745 845 2809 den
902 2746 1133 2810 cantor
1188 2745 1301 2810 der
1359 2748 1434 2811 Ο.
1492 2747 1565 2811 L.
1630 2746 2124 2811 Vrouwenkerk
2178 2749 2244 2812 te
2299 2749 2691 2827 Antwerpen

275 2840 512 2921 beveelt‚
554 2862 680 2909 aan
727 2845 841 2908 het
889 2845 1230 2925 Begijnhof
1275 2863 1402 2910 van
1450 2848 1633 2910 Aalst
1682 2847 1761 2910 de
1810 2847 2125 2928 goederen
2175 2849 2241 2911 te
2272 2847 2436 2911 doen
2467 2849 2686 2928 terug-

275 2938 505 3021 meren,
548 2945 650 3008 die
682 2962 880 3009 ervan
911 2944 1173 3009 werden
1204 2947 1598 3011 vervreemd.

323 3095 597 3152 «Iohannes
614 3102 933 3167 episcopus,
959 3114 1155 3154 servus
1181 3112 1475 3154 servorum
1495 3101 1621 3162 Dei,
1634 3101 1845 3156 dilecto
1863 3100 1983 3154 filio
2008 3103 2230 3155 cantori
2247 3102 2488 3157 ecclesie
2512 3103 2689 3157 Beate

274 3175 429 3234 uarie.
459 3184 925 3250 Antwerpiensis,
962 3184 1386 3237 Cameracensis
1429 3185 1689 3243 diocesis,
1728 3184 1971 3238 salutem
2010 3187 2070 3238 et
2110 3186 2481 3253 apostolicam
2518 3187 2691 3241 bene-

281 3260 574 3317 dictionem.

330 3345 406 3396 Ad
437 3348 777 3402 audientiam
813 3352 1065 3402 nostram
1099 3351 1379 3416 pervenit,
1413 3351 1565 3415 quod
1599 3352 1715 3403 tam
1751 3348 1957 3403 dilecte
1980 3351 2039 3402 in
2077 3351 2302 3405 Christo
2328 3353 2446 3406 filie
2469 3353 2693 3421 Marga—

279 3427 383 3478 reta
402 3430 457 3481 et
487 3443 712 3482 sorores
747 3431 945 3483 domus
970 3431 1079 3483 Dei
1115 3431 1319 3484 Sancte
1343 3431 1649 3485 catherine
1672 3433 1732 3483 in
1768 3430 1948 3489 Alost,
1980 3432 2403 3487 Cameracensis
2427 3435 2692 3499 diocesis,

283 3519 422 3570 quam
453 3510 569 3572 ille,
596 3525 704 3577 que
727 3513 787 3565 in
811 3514 1009 3566 eadem
1033 3514 1200 3566 domo
1235 3515 1655 3579 precesserunt,
1686 3514 1915 3567 easdem
1940 3515 2206 3577 decimas,
2229 3518 2434 3577 terras,
2470 3518 2689 3580 domos,

282 3594 655 3655 possessiones,
696 3595 903 3655 castra,
944 3597 1235 3663 grangias,
1282 3596 1576 3662 piscarias,
1618 3598 1803 3663 prata,
1851 3611 2104 3658 nemora,
2148 3598 2495 3660 molendina,
2539 3600 2687 3665 jura,

281 3670 670 3734 jurisdictiones
696 3679 757 3731 et
790 3678 1030 3742 quedam
1055 3678 1168 3731 alia
1188 3680 1338 3731 bona
1358 3680 1539 3744 ipsius
1562 3680 1763 3732 domus
1788 3680 1915 3741 Dei,
1940 3681 2088 3734 datis
2121 3694 2294 3747 super
2317 3682 2425 3733 hoc
2458 3681 2690 3750 litteris,

280 3757 521 3811 contectis
555 3761 759 3813 exinde
792 3760 1036 3827 publicis
1069 3762 1484 3823 instrumentis,
1512 3763 1869 3831 interpositis
1900 3765 2257 3830 juramentis,
2282 3765 2448 3818 iactis
2481 3779 2688 3819 renon-

281 3835 579 3894 tiationibus
613 3846 669 3897 et
690 3844 854 3909 penis
879 3844 1136 3909 adjectis,
1161 3845 1221 3897 in
1245 3858 1479 3912 gravem
1501 3846 1681 3912 ipsius
1714 3848 1913 3899 domus
1949 3848 2057 3900 Dei
2088 3847 2367 3901 lesionem
2401 3847 2690 3901 nonnullis

281 3917 474 3975 clericis
497 3926 556 3977 et
588 3924 765 3989 laicis,
797 3926 1081 3991 aliquibus
1105 3941 1304 3980 eorum
1328 3929 1400 3980 ad
1423 3929 1618 3992 vitam,
1643 3931 1978 3994 quibusdam
2003 3943 2138 3983 vero
2162 3932 2234 3983 ad
2258 3946 2371 3983 non
2407 3932 2690 3984 modicum

283 4000 476 4069 tempus
497 4009 556 4060 et
577 4008 702 4061 aliis
724 4012 1002 4076 perpetuo
1027 4012 1099 4063 ad
1116 4010 1338 4062 firmam
1355 4010 1444 4063 vel
1463 4012 1569 4064 sub
1587 4027 1761 4066 censu
1780 4026 1988 4073 annuo,
2007 4016 2428 4074 concesserunt.
2449 4028 2692 4080 quorum

287 4082 434 4150 aliqui
465 4089 725 4145 dicuntur
758 4108 932 4159 super
965 4094 1077 4145 hiis
1110 4094 1560 4147 confirmationis
1595 4094 1816 4148 litteras
1849 4096 1911 4147 in
1945 4096 2131 4148 torma
2163 4098 2448 4150 communi
2487 4110 2522 4150 a
2553 4098 2690 4150 sede

288 4170 567 4230 apostolica
580 4175 934 4240 impetrasse.
948 4176 1093 4237 Quia
1109 4190 1243 4229 vero
1264 4179 1460 4229 nostra
1476 4178 1718 4231 interest
1733 4191 1906 4244 super
1922 4178 2031 4230 hoc
2050 4179 2121 4231 de
2139 4181 2420 4244 oportuno
2436 4181 2690 4234 remedio

289 4252 576 4318 providere,
601 4257 930 4310 discretioni
964 4260 1062 4311 tue
1095 4272 1199 4324 per
1234 4260 1546 4326 apostolica
1567 4262 1783 4326 scripta
1803 4262 2152 4323 mandamus,
2179 4262 2444 4325 quatinus
2467 4275 2553 4324 ea,
2579 4278 2692 4328 que

291 4328 348 4382 de
373 4332 525 4388 bonis
556 4338 733 4405 ipsius
768 4340 967 4392 domus
999 4354 1105 4407 per
1136 4343 1537 4395 concessiones
1560 4342 1888 4408 hujusmodi
1912 4343 2159 4397 alienata
2180 4339 2467 4397 inveneris
2488 4344 2691 4399 illicite

293 4411 364 4463 Vel
385 4416 654 4485 distracta,
679 4436 794 4474 non
818 4423 1172 4476 obstantibus
1192 4424 1422 4486 litteris,
1448 4427 1864 4489 instrumentis,
1887 4427 2245 4493 juramentis,
2279 4426 2463 4492 penis,
2485 4441 2693 4481 renon-

295 4493 587 4555 tiationibus
619 4507 677 4558 et
711 4506 1235 4560 confirmationibus
1270 4509 1630 4574 supradictis,
1668 4510 1740 4561 ad
1770 4510 1864 4575 J'us
1898 4510 1958 4560 et
1988 4509 2398 4573 proprietatem
2440 4511 2695 4575 ejusdem

296 4573 465 4632 <lomus
475 4584 587 4639 Dei
606 4586 861 4654 legitime
883 4603 1152 4644 revocare
1173 4604 1468 4656 procures,
1486 4592 1935 4645 contradictores
1951 4603 2057 4656 per
2078 4604 2376 4645 censuram
2399 4592 2695 4645 ecclesias·

298 4656 457 4723 ticam,
479 4668 850 4733 appellatione
876 4672 1209 4738 postposita,
1233 4675 1673 4739 compescend03
1707 4674 1884 4726 testes
1918 4672 2127 4734 autem,
2153 4674 2250 4737 qui
2272 4675 2489 4727 tuerint
2510 4674 2692 4727 nomi-
