3526 5522
761 543 826 594 98
1789 548 1994 602 ANNO
2030 547 2161 600 1460

751 711 881 763 nate
916 714 1090 769 secte,
1129 713 1239 771 cui,
1266 714 1439 765 semel
1479 714 1616 774 dati,
1643 714 1880 780 propter
1914 716 2175 768 timorem
2213 719 2271 768 et
2305 718 2487 769 minas
2523 719 2779 771 demonis
2823 734 2932 771 non
2969 724 3179 786 possunt

745 792 992 854 resilire,
1029 794 1128 860 qui
1174 795 1371 855 eciam,
1401 797 1510 848 nisi
1551 798 1846 850 rarissime
1886 800 1945 851 et
1980 800 2139 863 quasi
2164 800 2540 859 miraculose,
2570 816 2681 853 non
2724 806 3082 855 revertuntur
3119 805 3177 855 ad

749 878 1032 942 gremium
1054 877 1294 930 ecclesie
1319 893 1389 930 ex
1415 893 1476 930 se
1502 881 1561 931 et
1586 880 1696 931 nisi
1720 894 1826 945 per
1847 882 2130 934 iusticiam
2155 883 2471 947 capiantur,
2495 884 2592 935 ubi
2610 884 2797 936 adhuc
2818 884 3177 950 utplurimum

747 960 1062 1024 perdurant
1083 960 1396 1013 valdenses
1420 975 1599 1027 usque
1623 963 1681 1013 in
1707 962 1879 1015 finem
1905 977 2009 1028 per
2032 965 2344 1016 recidivum
2368 965 2455 1017 vel
2483 965 2643 1026 alias,
2668 981 3023 1031 quocumque
3045 972 3177 1020 eant.

752 1042 1070 1108 Singularis
1104 1043 1267 1095 valde
1302 1046 1389 1096 est
1420 1044 1528 1096 iste
1562 1059 1753 1109 casus3
1790 1048 2094 1111 propterca
2127 1049 2317 1099 omnia
2340 1048 2451 1099 ista
2471 1050 2672 1108 ferme,
2703 1064 2814 1114 que
2837 1064 3026 1102 casum
3049 1051 3178 1101 hunc

751 1127 1011 1185 cernunt,
1048 1124 1365 1192 singularia
1397 1130 1544 1185 sunt,
1585 1143 1697 1179 non
1735 1128 2071 1193 reperibilia
2102 1129 2162 1182 in
2197 1129 2387 1195 aliquo
2424 1145 2779 1196 quocumque
2818 1146 2971 1185 casu.
3009 1133 3111 1185 Sed
3139 1133 3181 1185 si

746 1208 992 1260 maiores
1014 1207 1412 1272 relinquantur
1435 1209 1651 1271 intacti,
1681 1211 1889 1263 demon
1912 1211 2160 1263 ascribet
2183 1227 2286 1264 suo
2320 1213 2611 1266 iuvamini.
2637 1215 2712 1267 Et
2746 1215 2857 1280 ipsi
2892 1215 3181 1267 valdenses

745 1290 931 1341 eidem
954 1290 1181 1342 demoni
1201 1291 1501 1343 auxiliario
1521 1292 1629 1343 hoc
1653 1292 2032 1357 imputabunt,
2055 1309 2229 1359 quare
2250 1296 2504 1347 tenacius
2529 1297 2584 1349 ei
2608 1297 2985 1357 adherebunt,
3008 1296 3180 1363 plures

743 1373 951 1425 ducent
974 1374 1044 1425 ad
1068 1375 1300 1438 sectam,
1336 1375 1603 1439 graviora
1627 1374 1778 1428 mala
1816 1378 2250 1442 perpetrabunt.
2285 1377 2359 1430 Et
2393 1378 2493 1438 ita,
2530 1380 2879 1444 procedente
2916 1383 3175 1446 tempore,

745 1455 986 1521 amplius
1010 1456 1314 1522 augebitur
1337 1456 1440 1508 illa
1463 1460 1620 1509 secta
1646 1458 2101 1523 nephariissima.

876 1638 929 1688 7.
963 1636 1043 1691 De
1075 1638 1529 1692 macionibus
1560 1640 1811 1692 aliorum
1846 1647 2125 1710 quantum
2158 1640 2383 1694 valeant
2408 1657 2517 1710 per
2549 1642 2694 1709 ipsos
2741 1641 3061 1696 valdenses.

807 1786 1132 1851 SuppositO,
1151 1787 1299 1850 quod
1320 1787 1735 1848 accusacione3‚
1759 1789 1965 1841 nedum
1984 1790 2042 1840 in
2063 1791 2304 1848 tortura,
2325 1790 2426 1840 sed
2446 1789 2626 1840 eciam
2652 1791 2819 1841 extra
2836 1790 3109 1841 torturam
3131 1790 3183 1838 et

741 1870 1116 1933 questionem,
1143 1872 1360 1921 asserte
1395 1871 1510 1921 sint
1544 1884 1611 1922 ac
1644 1872 1927 1923 ratificate
1963 1872 2021 1923 et
2059 1872 2209 1936 quod
2247 1872 2633 1938 processerint
2672 1871 2903 1923 omnino
2944 1886 3019 1923 ex
3058 1871 3181 1935 ipsis

739 1951 1113 2004 valdensibus
1136 1953 1568 2017 deponentibus,
1595 1954 1808 2017 absque
1843 1955 2191 2006 immissione
2223 1956 2283 2006 in
2319 1969 2382 2006 os
2406 1967 2602 2007 eorum
2628 1967 2733 2018 per
2756 1955 3179 2006 determinatam

740 2034 1258 2100 interrogacionem
1292 2037 1390 2086 aut
1423 2035 1584 2097 alias,
1611 2037 1779 2088 sicuti
1813 2037 2204 2101 praticandum
2228 2040 2317 2089 est
2339 2037 2496 2102 (quia
2525 2034 2699 2087 nichil
2735 2036 3098 2088 determinati
3121 2035 3181 2085 ab

740 2117 825 2169 eis
865 2118 954 2169 est
989 2118 1297 2182 petendum
1338 2122 1435 2170 aut
1471 2119 1531 2171 in
1572 2134 1636 2171 os
1675 2120 2054 2184 mittendum),
2093 2120 2385 2186 supposito
2426 2120 2627 2182 eciam,
2653 2120 2806 2183 quod
2846 2119 2962 2170 sint
3005 2118 3179 2170 debite

742 2199 1311 2253 circumstancionate
1345 2201 1538 2253 multis
1573 2203 2022 2254 circumstanciis
2054 2201 2166 2254 loci
2201 2215 2267 2254 ac
2301 2203 2575 2267 temporis
2610 2216 2674 2255 ac
2698 2202 2927 2254 indiciis
2949 2214 3181 2267 persone

744 2282 1005 2334 accusate
1028 2281 1109 2349 (et
1131 2283 1366 2336 adderet
1389 2284 1627 2336 multum
1651 2285 1723 2336 ad
1745 2283 1998 2337 valorem
2022 2285 2405 2337 accusacionis
2429 2284 2757 2350 designacio
2780 2286 2841 2337 et
2872 2283 3179 2336 nominacio

745 2365 924 2431 partis
956 2378 1202 2430 persone
1237 2369 1496 2419 accusate
1531 2380 1660 2418 cum
1694 2367 1921 2418 indiciis
1955 2368 2013 2418 in
2049 2365 2294 2432 copula),
2322 2366 2483 2425 tales,
2509 2368 2762 2431 inquam,
2796 2367 3181 2419 accusaciones

743 2448 937 2514 magni
954 2450 1087 2500 sunt
1102 2450 1404 2514 momenti3
1430 2463 1631 2514 neque,
1652 2451 1717 2501 ut
1734 2463 1769 2500 a
1790 2450 2035 2502 maxime
2052 2450 2288 2514 praticis
2313 2449 2567 2501 auditum
2584 2451 2674 2502 est
2695 2450 2756 2502 et
2776 2449 2839 2500 in
2865 2448 3183 2502 tractatibus

739 2531 941 2591 visum,
966 2532 1209 2599 contigit
1229 2533 1488 2598 reperire
1511 2534 1568 2584 in
1606 2534 1847 2585 materia
1868 2534 1997 2595 ista,
2026 2534 2089 2585 ut
2110 2533 2438 2598 plurimum,
2463 2533 3011 2600 calumpniacionem
3036 2547 3181 2586 accu-

740 2615 1030 2666 sacionum
1064 2629 1134 2667 ex
1171 2616 1300 2666 odio
1337 2616 1408 2667 ad
1441 2629 1715 2680 personas
1752 2618 2044 2667 accusatas
2069 2617 2168 2668 aut
2189 2630 2260 2668 ex
2284 2615 2399 2668 alia
2419 2616 2745 2669 inordinata
2765 2617 3055 2681 passione,
3080 2618 3177 2668 etc.

742 2697 815 2748 Et
837 2696 945 2749 hoc
967 2698 1200 2750 discreti
1235 2699 1452 2750 iudices
1487 2710 1723 2751 noscere
1757 2700 1996 2764 possunt
2030 2713 2100 2751 ex
2126 2699 2503 2764 inquisicione
2526 2701 2585 2750 et
2608 2699 3181 2767 interrogacionibus;

743 2784 1009 2833 accusant
1035 2783 1186 2833 enim
1211 2779 1394 2833 solum
1427 2780 1739 2847 culpabiles
1778 2783 1837 2833 in
1873 2784 2029 2834 secta
2062 2797 2133 2835 ex
2167 2782 2490 2835 racionibus
2525 2782 2716 2834 statim
2752 2782 3182 2834 subscribendis.

741 2863 809 2915 In
827 2863 1084 2929 exemplo
1106 2864 1218 2915 fuit
1241 2879 1424 2929 nuper
1445 2864 1635 2917 Abbas
1657 2865 1817 2928 parvi
1841 2879 2059 2931 passus,
2082 2866 2199 2929 qui,
2218 2878 2346 2917 cum
2373 2865 2602 2917 unicum
2620 2864 2911 2917 hominem
2931 2864 3176 2920 haberet,

742 2947 806 2997 ut
829 2946 1069 3005 dicebat,
1095 2948 1337 3000 maxime
1363 2947 1512 3006 odio,
1542 2948 1598 2998 in
1624 2947 1884 3000 Tornaco
1908 2950 2371 3006 commorantem,
2392 2947 2489 3012 qui
2513 2947 2623 2998 sibi
2645 2946 3014 2999 subtraxerat
3030 2959 3177 2998 suam

741 3028 1042 3094 coniugem
1075 3042 1180 3094 per
1213 3030 1416 3096 viginti
1451 3031 1592 3081 duos
1628 3044 1824 3090 annos,
1850 3044 2189 3095 quamquam
2222 3032 2523 3095 exoptaret
2553 3031 2795 3081 mortem
2820 3028 3061 3081 alterius
3081 3041 3176 3093 pro

741 3112 924 3163 morte
957 3125 1078 3170 sua,
1112 3112 1256 3164 dixit
1288 3126 1514 3178 semper
1548 3127 1679 3166 eum
1714 3127 1826 3164 non
1862 3127 1987 3165 esse
2021 3112 2093 3165 de
2128 3113 2233 3164 hac
2266 3114 2422 3165 secta
2456 3125 2641 3177 neque
2675 3125 2779 3177 per
2815 3125 2949 3163 eum
2983 3111 3183 3163 debere

741 3196 1014 3248 accusari.
1035 3196 1109 3247 Et
1125 3197 1207 3248 ita
1228 3210 1298 3249 ex
1315 3197 1677 3262 processibus
1697 3197 1756 3249 et
1773 3197 2228 3249 confessionibus
2242 3196 2609 3249 valdensium
2633 3195 2704 3247 de
2727 3193 2858 3246 aliis
2884 3194 3181 3260 reperitur.

743 3280 1153 3333 Accusaciones
1192 3280 1405 3344 itaque,
1431 3280 2032 3346 presupposicionibus
2076 3279 2349 3345 pretactis
2389 3278 2798 3337 constantibus,
2825 3278 3182 3331 vehementes

742 3364 875 3416 sunt
908 3365 966 3415 et
999 3376 1262 3429 magnam
1285 3362 1400 3414 vim
1425 3363 1655 3422 habent,
1680 3365 1877 3428 preter
1907 3376 2244 3415 concursum
2269 3361 2449 3414 eciam
2470 3361 2652 3427 partis
2676 3359 2901 3426 copule,
2927 3360 3182 3425 quoniam

741 3445 1050 3498 valdenses
1072 3445 1417 3498 strictissimi
1436 3445 1650 3497 suntin
1671 3445 1987 3498 accusando
2013 3445 2073 3497 et
2094 3457 2320 3510 semper
2337 3444 2502 3496 inviti
2525 3444 2584 3495 et
2606 3444 2666 3494 in
2692 3443 2880 3494 minus
2904 3442 3179 3495 accusant.

744 3529 961 3592 Neque,
987 3530 1036 3580 si
1069 3541 1175 3594 per
1209 3541 1417 3579 annum
1453 3529 1775 3588 teneantur,
1803 3541 2000 3580 omnes
2034 3527 2395 3585 accusabunt.
2423 3540 2564 3591 quos
2599 3525 2805 3584 sciunt,
2832 3527 2934 3578 aut
2964 3526 3183 3591 integre

746 3613 936 3663 dicent
957 3626 1148 3663 casum
1172 3625 1356 3673 suum,
1384 3611 1519 3675 quia
1540 3612 1739 3676 pocius
1763 3612 2013 3663 scienter
2036 3610 2215 3662 multa
2247 3611 2318 3663 de
2354 3622 2415 3661 se
2441 3611 2501 3661 et
2522 3609 2593 3661 de
2618 3607 2745 3660 aliis
2768 3608 3027 3660 retinent
3048 3604 3184 3672 apud

743 3709 805 3746 se
828 3695 899 3746 ad
921 3708 1082 3746 suam
1106 3694 1604 3759 dampnacionem3
1630 3695 1690 3747 et
1710 3693 1840 3759 plus
1864 3693 2086 3760 eligunt
2116 3693 2288 3745 fateri
2322 3705 2516 3744 casum
2552 3704 2716 3742 suum
2748 3691 2807 3742 et
2832 3690 3000 3749 mori,
3028 3703 3185 3754 quam

740 3790 1008 3829 accusare
1025 3776 1185 3834 alios,
1208 3777 1265 3828 in
1286 3790 1355 3829 ea
1372 3790 1436 3829 re
1455 3777 1759 3830 maximam
1778 3776 2111 3830 fidelitatem
2129 3776 2357 3828 demoni
2374 3776 2435 3827 et
2452 3773 2733 3826 consociis
2750 3771 3186 3837 dampnabiliter

741 3861 1053 3912 servantes.
1117 3859 1456 3925 Exemplum
1509 3860 1810 3912 habuimus
1858 3871 2039 3925 nuper
2094 3859 2165 3910 de
2223 3856 2551 3910 Houtmelle
2614 3855 2756 3908 alias
2811 3852 3040 3917 Laches,
3097 3853 3187 3919 qui

741 3944 953 4008 absque
976 3943 1200 3995 tortura
1231 3956 1302 3994 ex
1338 3956 1399 3995 se
1423 3943 1483 3995 et
1513 3956 1618 3995 sua
1639 3944 1842 4008 sponte
1865 3943 2158 3994 confessus
2183 3941 2505 3993 estfactum
2529 3953 2694 3991 suum
2717 3939 2777 3990 et
2800 3937 3186 4001 questionatus

746 4041 966 4093 aspere,
992 4027 1057 4078 ut
1077 4024 1222 4077 alios
1247 4028 1556 4087 accusaret,
1584 4025 1870 4077 neminem
1894 4024 2074 4077 voluit
2098 4036 2383 4084 accusare,
2412 4036 2539 4074 cum
2574 4019 2963 4073 verisimiliter
2983 4018 3187 4071 multos

743 4110 1082 4175 agnosceret
1114 4109 1185 4160 de
1219 4110 1391 4160 secta.
1418 4108 1491 4161 Et
1523 4108 1605 4159 ita
1638 4107 1934 4172 quothidie
1967 4107 2256 4172 reperitur
2290 4105 2351 4156 in
2386 4103 2515 4157 aliis
2550 4102 2855 4155 difficultas
2888 4100 3185 4154 accusandi

746 4192 903 4244 alios.
939 4192 1015 4245 Et
1047 4192 1181 4243 sunt
1211 4189 1374 4243 valde
1407 4191 1567 4256 parci
1601 4191 1659 4242 in
1702 4190 2016 4243 accusando
2053 4188 2213 4240 alios.
2242 4187 2387 4239 Tum
2410 4186 2594 4252 primo
2630 4199 2701 4238 ex
2738 4184 3189 4252 singularissima

739 4274 1120 4342 promissione
1151 4275 1303 4325 tacta
1333 4274 1645 4339 presidenti
1681 4274 1740 4324 in
1767 4271 2225 4339 congregacione
2248 4271 2306 4322 et
2325 4268 2455 4322 aliis
2481 4268 2876 4333 complicibus,
2902 4268 3112 4319 nedum
3133 4266 3186 4317 in

740 4357 1216 4425 congregacione,
1241 4358 1342 4409 sed
1366 4356 1564 4409 dietim
1598 4357 1656 4408 in
1689 4357 1921 4417 mundo,
1948 4356 2018 4407 de
2052 4368 2163 4405 non
2201 4353 2537 4409 accusando,
2564 4353 2625 4403 et
2650 4351 3011 4402 dimoventur
3045 4348 3188 4400 ultra

741 4441 850 4492 hoc
873 4440 942 4491 ab
968 4440 1280 4492 accusando
1316 4439 1538 4504 aliquos
1562 4437 1889 4505 specialiter
1912 4452 1983 4490 ex
2008 4450 2216 4503 magna
2242 4435 2502 4488 amicicia
2525 4448 2653 4486 cum
2678 4433 2763 4486 eis
2797 4433 3090 4485 contracta
3119 4444 3185 4482 ex

743 4522 1058 4590 parentela,
1084 4523 1360 4574 beneficio
1387 4523 1660 4588 impens0,
1686 4521 2126 4573 conversacione
2151 4519 2524 4583 quothidiana
2546 4517 2645 4568 aut
2666 4514 2882 4568 carnali
2906 4513 3183 4579 amplexu,

747 4609 879 4667 etc..
904 4604 1069 4669 alios,
1091 4606 1363 4672 precipue
1385 4605 1650 4664 maiores,
1676 4619 1747 4657 ex
1780 4604 2004 4668 timore,
2031 4616 2103 4657 ne
2127 4602 2335 4655 exinde
2357 4600 2691 4658 moriantur,
2712 4599 2761 4651 si
2784 4612 2882 4651 eos
2902 4596 3180 4653 accusent.
