3526 5522
1273 546 1375 599 AN
1380 547 1430 599 N
1435 545 1481 599 Ο
1519 545 1645 598 1460
2580 551 2677 603 105

261 709 496 775 quoniam
528 712 617 763 est
649 711 847 763 eadem
883 710 1038 762 racio
1073 711 1145 763 ad
1179 723 1375 763 verum
1399 711 1470 763 de
1494 710 1771 776 utrisque,
1799 713 1858 764 et
1880 711 1929 763 si
1954 725 2130 764 unum
2151 713 2491 774 infirmetur,
2516 714 2600 767 ita
2622 716 2684 767 et

262 792 411 856 aliud,
432 793 563 857 quia
584 806 698 845 non
724 795 813 845 est
835 792 1018 844 maior
1039 792 1196 845 racio
1240 793 1310 845 de
1345 806 1457 845 uno
1494 807 1663 857 quam
1697 794 1769 846 de
1791 793 1926 845 alie.
1951 793 2301 860 Quamquam
2324 809 2459 848 vero
2483 798 2682 858 eciam,

259 875 555 940 prinsquam
588 875 888 940 capiantur
922 888 1025 939 per
1057 875 1362 934 iusticiam,
1391 877 1703 940 potuerunt
1736 877 2041 939 advisasse,
2079 879 2128 929 si
2162 878 2222 929 in
2256 879 2484 931 iusticia
2517 894 2684 931 occu·

261 961 440 1023 pentur
454 959 512 1010 et
525 958 925 1017 confiteantur,
938 958 1203 1010 adstatim
1218 959 1410 1011 facere
1426 960 1856 1011 revocacionem
1873 972 1946 1011 ex
1964 973 2027 1012 se
2045 962 2143 1013 aut
2158 961 2399 1013 consilio
2425 962 2683 1015 demonis

262 1042 342 1091 ant
368 1040 719 1106 complicum,
745 1039 902 1092 nullo
937 1038 1051 1091 alio
1086 1039 1317 1092 homine
1350 1054 1456 1105 pro
1491 1042 1625 1093 tunc
1648 1044 1997 1108 suggerente
2023 1043 2469 1108 revocacionem,
2500 1045 2679 1096 autin

262 1122 556 1176 calcaribus
591 1125 869 1190 suggestu
905 1123 1164 1175 demonis
1185 1122 1276 1176 vel
1300 1121 1462 1184 alias,
1487 1125 1677 1176 tamen
1698 1124 2068 1178 verisimilius
2101 1128 2190 1179 est
2211 1128 2270 1179 et
2291 1127 2473 1193 magis
2495 1127 2681 1179 credi·

261 1203 372 1263 bile,
394 1205 544 1268 qnod
565 1205 677 1257 iste
703 1205 1104 1257 revocaciones
1127 1204 1244 1256 sint
1266 1218 1339 1257 ex
1363 1205 1591 1257 deiectu
1613 1206 1765 1258 bone
1798 1207 2056 1259 custodie
2090 1209 2151 1259 et
2182 1208 2551 1275 suggestione
2584 1222 2686 1260 seu

263 1287 636 1352 prosecncione
675 1285 1015 1351 complicum
1054 1288 1115 1337 et
1152 1289 1543 1340 accusatorum
1589 1288 1839 1340 nondum
1874 1291 2169 1354 captorum
2210 1303 2313 1355 per
2352 1304 2414 1343 se
2453 1289 2541 1342 vel
2582 1302 2687 1355 per

262 1369 625 1423 internuncios
654 1370 756 1421 aut
786 1367 1008 1421 litteras
1041 1368 1132 1420 vel
1168 1368 1594 1434 quomodolibet
1628 1369 1817 1429 aliter,
1844 1371 2049 1434 quibus
2073 1373 2263 1424 omnia
2284 1374 2418 1427 sunt
2438 1372 2693 1425 revelata

261 1452 309 1503 et
334 1453 542 1516 aperta.
574 1454 676 1505 aut
707 1452 842 1516 quia
873 1451 1078 1503 timent
1109 1452 1386 1510 accusari,
1412 1454 1544 1509 etc„
1571 1451 1660 1503 vel
1697 1454 1833 1516 quia
1864 1452 2063 1505 volunt
2094 1455 2440 1509 contundere
2471 1468 2594 1507 rem
2629 1456 2692 1507 et

261 1546 513 1599 generare
534 1533 880 1593 scandalum,
906 1535 1038 1598 etc.;
1064 1536 1163 1586 aut
1183 1536 1564 1599 procurantur
1587 1535 1987 1588 accusaciones
2011 1549 2045 1586 a
2067 1537 2394 1588 custodibus
2418 1537 2684 1597 carceris,

260 1618 339 1679 qui
369 1617 569 1668 timent
598 1617 670 1668 de
704 1629 767 1668 se
802 1618 900 1667 aut
933 1616 1005 1668 de
1043 1616 1241 1669 amicis
1282 1618 1382 1668 aut
1422 1618 1656 1682 sperant
1695 1617 1786 1669 vel
1830 1616 2022 1682 aliqua
2062 1619 2387 1671 inordinata
2427 1618 2691 1683 passione

261 1701 558 1764 moventnr3
582 1702 890 1764 propterea
910 1698 1308 1763 principaliter
1330 1698 1742 1764 providendum
1775 1701 1867 1751 est
1899 1700 2060 1752 circa
2092 1714 2372 1762 carceres,
2405 1700 2690 1765 quoniam,

260 1781 302 1832 si
319 1781 646 1834 incarcerati
667 1782 814 1833 bene
836 1781 1263 1833 custodirentur
1282 1784 1341 1833 et
1359 1782 1744 1838 visitarentur,
1769 1795 1876 1846 per
1896 1781 2089 1835 dulces
2112 1783 2173 1836 et
2194 1783 2452 1836 salubres
2477 1784 2695 1835 exorta-

261 1862 447 1923 ciones,
470 1863 724 1923 indubie,
749 1865 1052 1928 postquam
1084 1863 1397 1916 intrassent
1429 1864 1850 1916 contessionem
1883 1878 2068 1925 suam,
2096 1867 2602 1919 manutenerentur
2634 1865 2695 1915 in

262 1956 334 1995 ea.
356 1943 425 1995 Et
444 1946 535 1996 est
565 1945 1002 2011 formidandum,
1029 1946 1184 2009 quin,
1216 1946 1287 1997 ad
1315 1945 1644 1998 iaciendum
1669 1947 2063 2000 contusionem
2091 1950 2148 1999 et
2181 1947 2507 2000 scandalum
2541 1949 2600 1999 et
2622 1960 2695 1997 ne

261 2026 581 2090 procedatur
612 2027 686 2077 ad
719 2024 882 2088 alios,
920 2026 1262 2079 incarcerati
1293 2027 1408 2079 iam
1441 2028 1832 2093 promiserint,
1857 2029 1989 2081 dum
2022 2029 2358 2094 pervenient
2390 2030 2461 2081 ad
2494 2029 2695 2080 mortis

261 2107 560 2166 articulum,
587 2121 865 2161 excusare
900 2110 1194 2161 accusatos
1229 2110 1289 2161 et
1321 2110 1513 2161 dicere
1545 2110 1615 2161 de
1639 2124 1701 2161 se
1725 2112 1786 2162 et
1807 2112 1878 2163 de
1902 2110 2049 2172 aliis,
2076 2112 2268 2163 omnia
2289 2113 2344 2163 vi
2367 2112 2599 2168 dixisse.
2625 2110 2697 2162 de

262 2202 356 2252 quo
387 2204 584 2243 curare
620 2204 740 2241 non
776 2190 990 2242 habent
1022 2191 1242 2243 iudices
1275 2191 1440 2250 recti,
1469 2193 1532 2242 ut
1554 2192 1735 2257 prius.
1761 2192 1983 2245 Bonum
2007 2195 2096 2246 est
2117 2195 2329 2259 tamen,
2354 2194 2503 2258 quod
2527 2194 2700 2259 depu-

262 2272 433 2324 tentur
463 2272 812 2325 sufficientes
848 2274 909 2324 et
933 2273 1165 2325 discreti
1190 2274 1533 2335 sacerdotes,
1559 2288 1682 2326 rem
1706 2275 1855 2328 hanc
1877 2288 1979 2327 seu
2002 2276 2300 2329 materiam
2322 2275 2699 2327 communiter

266 2354 641 2423 intellegentes
660 2356 720 2407 et
736 2354 886 2407 bene
905 2356 1118 2415 affecti,
1139 2369 1251 2408 non
1276 2356 1497 2408 seducti
1514 2370 1550 2408 a
1565 2356 1953 2422 complicibus,
1981 2359 2079 2423 qui
2096 2372 2293 2411 eorum
2313 2357 2702 2411 confessiones

266 2437 475 2489 audiant
496 2439 553 2490 et
573 2437 897 2489 conducant
919 2451 1021 2490 eos
1047 2451 1148 2491 seu
1172 2438 1456 2491 associent
1479 2440 1551 2491 ad
1574 2440 1880 2503 iusticiam,
1905 2454 2088 2505 neque
2113 2440 2211 2493 alii
2240 2441 2372 2492 novi
2395 2443 2529 2493 tunc
2551 2440 2706 2492 circa

267 2531 350 2570 eos
363 2521 734 2586 recipiantur.

319 2597 596 2650 Revocant
630 2601 821 2650 autem
865 2599 1245 2652 communiter
1277 2601 1337 2653 et
1371 2601 1660 2666 denegant
1692 2615 1796 2653 seu
1828 2602 2143 2654 retractant
2182 2602 2342 2667 prius
2384 2601 2706 2653 contessata

266 2683 478 2746 propter
495 2681 624 2734 tria.
643 2681 860 2740 Primo,
889 2680 960 2732 ob
982 2681 1247 2735 timorem
1273 2682 1497 2742 mortis,
1518 2696 1687 2746 quam
1709 2684 1914 2748 putant
1930 2683 2082 2735 intra
2103 2684 2274 2735 breve
2299 2683 2618 2742 affuturam,
2647 2683 2707 2734 et

267 2763 473 2816 racione
504 2764 659 2816 illius
696 2765 1099 2830 denegacionis
1133 2767 1366 2831 sperant
1400 2766 1641 2818 evadere
1665 2767 1911 2820 mortem
1934 2768 2031 2818 aut
2055 2767 2305 2819 differre.
2335 2767 2613 2826 Secundo,
2641 2766 2702 2817 in

269 2845 497 2899 tavorem
514 2851 924 2909 accusatorum,
947 2848 1080 2912 quia
1096 2851 1300 2914 putant
1317 2863 1386 2902 ex
1407 2848 1509 2901 tali
1527 2849 1915 2917 denegacione
1933 2849 2330 2901 accusaciones
2347 2849 2505 2913 prius
2521 2848 2701 2899 iactas

271 2927 331 2979 de
347 2927 467 2980 aliis
488 2929 699 2981 nullius
724 2943 850 2982 esse
873 2931 1148 2982 momenti
1166 2932 1226 2984 et
1240 2931 1471 2991 valoris,
1493 2945 1832 2996 quamquam
1857 2932 2009 2983 enim
2025 2930 2269 2990 valeant,
2292 2943 2358 2982 ac
2376 2930 2425 2981 si
2444 2943 2706 2996 perseve-

272 3015 463 3071 rarent,
488 3026 556 3064 ex
578 3013 738 3079 prius
773 3013 960 3071 dictis,
986 3013 1156 3065 sicuti
1180 3027 1364 3078 neque
1386 3014 1719 3080 recipiende
1743 3016 1877 3066 sunt
1899 3014 2303 3066 excusaciones
2328 3012 2399 3064 de
2421 3011 2549 3064 aliis
2576 3013 2708 3078 post

273 3093 488 3156 primam
503 3095 918 3147 contessionem
930 3098 1095 3148 extra
1111 3097 1409 3155 torturam,
1422 3099 1553 3154 etc„
1566 3098 1803 3162 propter
1816 3095 2274 3154 inclinacionem‚
2287 3108 2454 3159 quam
2475 3093 2706 3152 habent,

277 3173 339 3226 ad
372 3177 763 3238 excusandum,
802 3179 861 3229 et
892 3179 1327 3244 corrupcionem
1359 3192 1464 3244 per
1506 3178 1793 3243 simplices
1835 3177 2142 3243 complices
2182 3180 2242 3230 et
2280 3177 2711 3244 suggestionem

279 3256 510 3310 demonis
532 3261 630 3311 aut
648 3258 961 3319 hominum,
984 3262 1092 3312 etc.
1121 3260 1326 3313 Tercio
1349 3260 1765 3327 principaliter,
1786 3274 1859 3313 ne
1884 3262 1956 3313 ad
1979 3260 2133 3313 ultra
2154 3260 2557 3325 precedentem
2581 3272 2710 3309 con·

278 3337 554 3393 restionem
579 3342 650 3393 de
677 3343 1048 3408 tangentibus
1071 3357 1134 3395 se
1170 3345 1271 3396 aut
1292 3342 1438 3396 alios
1461 3344 1523 3396 in
1545 3343 2021 3410 aggravacionem
2046 3343 2135 3395 sui
2158 3356 2322 3394 casus
2345 3342 2445 3394 aut
2467 3341 2712 3393 aliorum

281 3423 686 3482 accusationem,
713 3436 857 3487 quos
893 3425 1070 3477 invite
1104 3427 1389 3486 accusant,
1418 3425 1489 3478 ab
1512 3426 1596 3477 eis
1620 3425 1906 3493 exigatur,
1933 3426 2252 3491 cogitantes
2276 3424 2426 3489 apud
2448 3438 2531 3483 se,
2561 3423 2711 3487 quod

283 3501 481 3554 tandem
503 3505 571 3557 de
598 3506 933 3559 reductione
958 3521 1062 3559 sua
1084 3507 1154 3559 ad
1178 3508 1431 3572 priorem
1454 3508 1874 3559 confessionem
1899 3507 2110 3571 absque
2144 3504 2513 3558 ulterioribus
2537 3505 2712 3558 inter-

283 3587 559 3649 rogatoriis
592 3587 849 3640 contenti
883 3591 1053 3641 erunt
1074 3589 1312 3641 iudices.
1338 3589 1659 3655 Aliquando
1683 3602 1820 3641 vero
1844 3603 1917 3642 ex
1941 3603 2031 3650 ee,
2058 3588 2208 3653 quod
2231 3587 2460 3655 signum
2481 3588 2654 3653 pacti,
2682 3600 2718 3638 a

286 3663 495 3721 demone
517 3670 728 3731 datum,
751 3672 821 3722 ab
845 3671 928 3723 eis
952 3672 1201 3724 nondum
1221 3674 1310 3724 est
1326 3670 1594 3724 ablatum.
1620 3672 1816 3736 Neque
1840 3672 1891 3723 si
1915 3674 2171 3738 tempore
2190 3669 2289 3722 illo
2308 3671 2461 3722 iacta
2474 3683 2709 3722 revoca·

290 3746 434 3801 done
448 3752 640 3815 petant
662 3755 1069 3812 consessorem,
1095 3754 1193 3819 qui
1217 3755 1436 3807 dandus
1455 3768 1568 3806 non
1591 3754 1835 3812 videtur,
1858 3755 2126 3819 quoniam
2152 3754 2286 3805 tunc
2309 3751 2719 3804 confiterentur

289 3830 486 3892 penitus
517 3835 783 3887 innoxios
819 3836 880 3887 et
912 3835 1192 3888 derisoria
1214 3838 1366 3889 esset
1387 3837 1694 3901 confessio,
1718 3836 1890 3888 sicuti
1914 3837 2122 3888 multas
2144 3836 2306 3887 fictas
2330 3836 2389 3886 et
2412 3834 2720 3886 derisoriae

290 3914 646 3971 contessiones
669 3919 907 3970 iaciunt.
935 3919 1135 3984 Neque
1161 3921 1294 3971 tunc
1318 3921 1515 3972 eadem
1539 3920 1772 3971 racione
1797 3933 1994 3971 eorum
2017 3916 2354 3971 iuramentis
2378 3917 2467 3968 est
2482 3915 2716 3967 creden·

292 3991 425 4055 (lum,
445 4012 566 4051 cum
587 4000 781 4053 iurant
802 4014 866 4053 se
890 4014 1003 4052 non
1027 4015 1151 4053 esse
1176 4000 1487 4067 culpabiles
1511 4001 1602 4054 vel
1627 4000 1772 4054 tales
1798 4003 1897 4053 aut
1930 4000 2074 4053 tales
2096 3999 2243 4052 falso
2268 4011 2581 4056 accusasse,
2607 3999 2716 4049 etc.

293 4071 357 4126 Et
388 4078 618 4143 adverte,
644 4081 848 4142 lector,
884 4083 1036 4147 quod
1068 4084 1378 4136 reducendi
1413 4086 1547 4135 sunt
1571 4084 1643 4135 ad
1665 4084 1917 4150 priorem
1947 4083 2381 4143 contessionem,
2407 4081 2591 4146 primo
2616 4093 2721 4145 per

294 4155 461 4213 dulces
501 4165 923 4217 admoniciones
977 4167 1035 4217 et
1090 4164 1347 4217 salubres
1392 4167 1859 4229 exhortacionem,
1907 4166 2156 4218 secundo
2205 4163 2515 4229 querendo,
2566 4164 2716 4214 unde

295 4236 566 4311 habebant,
586 4248 738 4312 quod
760 4248 1173 4300 confiterentur
1196 4248 1311 4300 tale
1341 4252 1398 4301 et
1423 4248 1555 4309 tale,
1578 4248 1795 4314 aliquid
1819 4263 1920 4300 seu
1945 4247 2135 4312 aliqua
2157 4246 2427 4312 specialia
2451 4247 2521 4298 de
2540 4246 2721 4312 priori

299 4325 637 4389 comestione,
658 4333 756 4383 aut
773 4329 1186 4396 prescindendo
1206 4333 1264 4384 et
1281 4332 1667 4397 preveniendo
1685 4346 1791 4397 per
1808 4331 2327 4396 interrogacionem
2346 4330 2415 4381 de
2435 4328 2719 4393 aliquibus

299 4402 429 4459 ultra
455 4424 606 4463 suam
637 4413 891 4477 priorem
925 4414 1359 4472 contessionem,
1386 4427 1554 4477 quam
1588 4428 1783 4467 veram
1820 4414 1989 4473 dicat,
2017 4413 2113 4477 qui
2140 4412 2411 4477 loquitur,
2436 4411 2718 4463 laudando

298 4496 563 4548 personam
597 4495 665 4548 de
698 4495 940 4548 veritate
974 4495 1132 4560 prius
1155 4495 1325 4556 dicta,
1352 4509 1692 4560 quamquam
1717 4510 1831 4548 non
1859 4495 2050 4547 omnia
2076 4495 2305 4555 dixerit,
2332 4496 2462 4556 etc„
2489 4495 2587 4546 aut
2608 4506 2714 4557 per

303 4574 766 4630 comminacionem
800 4578 862 4631 et
895 4576 1311 4630 exhibicionem
1333 4579 1768 4641 tormentorum,
1796 4578 1845 4630 si
1870 4591 2013 4640 opus
2037 4578 2130 4629 sit.
2153 4576 2328 4629 Facta
2354 4589 2490 4629 vero
2514 4574 2713 4627 reduc·

2425 4741 2455 4784 8
