3526 5522
716 580 811 636 164
1681 584 2188 639 AANHANGSEL

710 748 920 800 sanctis
959 748 1226 814 operibus
1265 762 1328 801 se
1367 751 1699 802 exercentes
1741 764 1807 803 ac
1853 752 1926 804 de
1970 750 2273 804 virtutibus
2317 750 2374 801 in
2420 750 2660 802 virtutes
2704 748 3100 814 proficiscentes,

711 831 911 884 eterne
931 831 1326 884 retributionis
1347 832 1647 898 premium,
1669 834 1820 897 quod
1845 833 2342 900 perseverantibus
2366 833 2657 885 dumtaxat
2682 830 2787 899 [in]
2809 841 3107 898 consumma·

713 914 870 965 tione
892 915 1194 979 prestatur,
1219 914 1458 980 adipisci
1479 919 1840 969 mererentur
1856 917 1949 982 (1).

783 995 1035 1056 Quorum
1068 998 1332 1062 pretextu
1366 999 1686 1050 venerande
1719 1000 1994 1053 memorie
2028 1000 2289 1052 dominus
2324 999 2551 1058 Petrus.
2587 998 2843 1063 ejusdem
2878 994 3111 1048 ecclesiae

717 1078 1139 1132 Cameracensis
1161 1093 1265 1144 pro
1284 1082 1420 1132 tunc
1442 1081 1760 1147 episcopus,
1786 1083 2157 1147 predecessor
2182 1083 2395 1141 noster.
2418 1083 2652 1146 recepta
2674 1093 2847 1144 super
2865 1076 3114 1149 premissis

715 1161 1118 1214 informatione
1136 1161 1418 1228 diligenti.
1438 1176 1542 1228 per
1561 1177 1728 1227 quam
1750 1166 2031 1231 comperit
2052 1166 2301 1232 Beginas
2324 1164 2649 1230 huiusmodi
2674 1161 2817 1215 tales
2840 1174 2957 1214 esse
2975 1160 3117 1225 prout

713 1245 973 1311 proxime
995 1245 1390 1312 prescribitur,
1415 1248 1474 1298 et
1497 1247 1568 1298 ob
1590 1246 1670 1305 id,
1696 1260 1845 1299 anno
1869 1247 2099 1300 Domini
2119 1247 2422 1301 millesimo
2446 1246 2846 1299 trecentesimo
2882 1242 3117 1310 vigesimo

714 1327 906 1387 tertio,
951 1330 1165 1381 mensis
1217 1327 1513 1394 Februarii
1561 1330 1656 1383 die
1710 1330 1989 1397 vigesima
2041 1331 2232 1394 tertia,
2278 1330 2641 1397 pontificatus
2687 1327 2826 1379 dicti
2877 1325 3118 1392 quondam

714 1410 928 1463 domini
949 1410 987 1464 J
990 1411 1189 1463 oannis
1223 1424 1405 1477 papae
1428 1412 1689 1478 vigesimi
1710 1414 1948 1466 secundi
1982 1427 2130 1466 anno
2155 1416 2373 1473 octavo.
2400 1413 2649 1477 easdem,
2672 1410 2847 1476 prout
2867 1407 3054 1465 decuit,
3074 1406 3119 1456 in

714 1493 865 1546 statu
888 1492 1126 1557 pacifico
1152 1493 1210 1545 et
1244 1494 1456 1558 quieto,
1481 1493 1659 1548 veluti
1681 1495 1843 1560 prius
1866 1510 1993 1550 esse
2015 1498 2443 1553 consueverant,
2471 1509 2537 1546 ac
2562 1495 2621 1545 in
2656 1493 2855 1545 habitu
2877 1488 3058 1542 humili
3076 1488 3122 1539 et

716 1575 976 1635 honesto,
1003 1577 1067 1627 ut
1098 1576 1198 1635 sic.
1236 1590 1269 1627 a
1302 1576 1653 1629 secularibus
1686 1579 1948 1644 personis
1982 1579 2266 1639 distincte,
2294 1579 2506 1642 absque
2540 1576 2935 1629 molestatione
2965 1571 3123 1635 aliqua

715 1657 801 1710 eis
820 1671 922 1711 seu
946 1671 1141 1710 earum
1166 1657 1351 1718 alteri,
1379 1661 1672 1713 occasione
1695 1660 2098 1726 prohibitionis
2123 1660 2446 1727 hujusmodi
2466 1659 2835 1717 clementius,
2857 1653 3123 1721 quomodo·

713 1738 856 1793 libet
892 1740 1210 1803 inferenda,
1245 1755 1544 1796 remanere
1583 1743 1814 1803 debere,
1850 1757 2119 1796 censuras
2152 1742 2566 1796 ecclesiasticas
2600 1742 2658 1793 in
2695 1738 2939 1794 rebelles
2968 1734 3124 1788 tulmi-

720 1822 927 1885 nando,
950 1823 1204 1876 decrevit
1219 1822 1312 1890 (2).

782 1988 989 2041 Datum
1023 1990 1081 2042 et
1115 1991 1302 2043 actum
1326 1940 1625 2051 bruxselle,
1652 1944 2100 2046 dictae-nostrae
2125 1943 2389 2056 diocesis,
2414 1943 2561 2043 anno
2597 1940 2825 2043 bomini
2859 1940 3125 2039 millesimo

718 2071 1174 2138 quingentesimo
1199 2073 1667 2141 quinquagesimo
1691 2076 1897 2140 primo,
1924 2075 2133 2128 mensis
2155 2074 2191 2128 J
2195 2073 2298 2126 ulii
2323 2074 2414 2126 die
2438 2076 2617 2126 sexta.

1697 2174 1813 2227 Per
1845 2175 2381 2228 reverendissimum
2404 2171 2853 2225 illustrissimum
2877 2168 3131 2223 dominum

1767 2258 2097 2324 episcopum
2122 2259 2181 2310 et
2204 2258 2404 2310 ducem
2426 2256 2732 2321 prefatum,

2757 2337 2963 2390 Omns-

1245 2454 1484 2509 Archiet
1515 2457 1619 2510 der
1656 2457 2023 2524 Burgerliike
2062 2456 2418 2509 Godshuizen
2455 2456 2512 2507 te
2546 2451 2993 2513 Dendermonde,
3031 2459 3138 2498 oor·

1305 2538 1662 2606 spronkelijk
1684 2540 1817 2592 stuk
1841 2554 1914 2605 op
1936 2540 2276 2606 perkament
2295 2539 2417 2605 (het
2447 2537 2604 2604 zegel
2630 2535 2981 2597 ontbreekt);
3005 2532 3134 2597 aigo-

1317 2621 1492 2674 drukt
1513 2622 1588 2688 bij
1609 2622 1666 2676 J.
1680 2622 2050 2685 Broeckaert,
2076 2620 2467 2676 cartularium
2489 2634 2601 2673 van
2624 2617 2715 2673 hee
2740 2612 3135 2688 Beqijnhofoan

1311 2702 1756 2769 Dendermonds‚
1785 2715 1846 2757 nr
1868 2705 2006 2766 CIV,
2031 2704 2138 2758 blz.
2166 2703 2402 2757 195-207.

1731 2877 1894 2944 148
1947 2872 2172 2958 (10‘01).

831 3045 1270 3119 1324-1326,
1302 3039 1575 3109 bis-dom
1601 3041 2002 3128 Kamerq’jk.
2036 3044 2362 3124 Latijnsch
2388 3045 2643 3123 riimpje
2668 3058 2824 3106 over
2846 3041 2926 3104 de
2949 3036 3137 3104 werk-

723 3140 1059 3220 dadigheid
1085 3158 1212 3205 van
1235 3142 1534 3223 hisschop
1561 3146 1780 3208 Pierre
1805 3144 1883 3208 de
1910 3146 2226 3224 Mirepoix
2250 3146 2349 3207 als
2373 3143 2710 3221 vervolger
2743 3141 2857 3205 der
2880 3135 3136 3214 ketterij.

793 3277 1094 3331 1324-1326.
1115 3280 1317 3334 Pierre
1337 3283 1409 3336 de
1427 3283 1730 3350 Mirepoix,
1758 3288 2001 3348 evesque
2021 3284 2090 3336 de
2115 3282 2411 3351 Cambray,
2432 3283 2612 3347 quitte
2634 3295 2738 3332 son
2763 3278 2998 3332 evesohe
3016 3283 3142 3342 pour

725 3363 877 3414 estre
902 3364 1145 3428 evesque
1168 3365 1239 3417 de
1264 3364 1519 3432 Bayeux,
1543 3381 1615 3420 en
1639 3366 2059 3421 l’archevesche
2082 3368 2152 3419 de
2173 3366 2397 3419 Rouen.
2435 3365 2592 3418 Nous
2626 3363 2724 3430 luy
2747 3363 3063 3414 donnerons
3082 3368 3142 3408 en
3192 3431 3199 3436 .

728 3458 793 3497 sa
815 3444 1061 3514 louange
1079 3461 1172 3500 ces
1195 3461 1389 3502 verses
1411 3451 1698 3502 suivants:

1247 3564 1762 3630 Monspessulanus,
1799 3566 2183 3624 Cameracum,
2220 3564 2429 3616 Baioca
2462 3562 2636 3615 Petro

1382 3645 1498 3700 Sub
1532 3647 1814 3713 Mirepoix
1846 3660 2036 3699 mores
2068 3644 2360 3698 incoluere
2392 3645 2536 3712 pios.

1249 3727 1360 3782 Hic
1392 3742 1589 3783 sacrae
1623 3732 1780 3783 tutor
1812 3731 1901 3782 vir
1932 3728 2216 3782 libertatis
2249 3730 2309 3782 et
2341 3741 2474 3780 acer

1327 3854 1342 3864 .
1381 3810 1684 3865 Hereticae
1716 3813 1925 3865 vindex
1958 3811 2269 3878 impietatis
2302 3811 2446 3862 erat.

1254 3927 1525 3996 Francois
1542 3927 1842 3988 Vinchant,
1869 3924 2116 3981 Annales
2135 3924 2205 3979 de
2227 3924 2283 3978 la
2297 3926 2562 3994 province
2583 3933 2632 3978 et
2650 3924 2809 3978 conte
2821 3921 2899 3975 du
2916 3919 3147 3975 Batauam

1318 4010 1711 4076 (Brusselsehe
1733 4012 1983 4078 uitgave,
2012 4008 2177 4076 1849),
2197 4008 2323 4063 deel
2342 4008 2449 4074 111,
2469 4007 2575 4060 blz.
2597 4008 2711 4059 115.

799 4230 872 4292 (1)
908 4229 1204 4297 Vergelijk
1225 4231 1296 4284 de
1319 4231 1415 4283 bul
1438 4245 1546 4284 van
1568 4246 1709 4297 paus
1727 4231 1763 4284 J
1769 4230 2021 4284 ohannes
2043 4230 2212 4283 XXII
2234 4231 2293 4281 in
2315 4228 2528 4296 Corpus
2544 4227 2589 4288 1,
2616 4226 2811 4293 nr175,
2836 4225 2944 4279 blz.
2966 4224 3071 4283 171.
3087 4232 3146 4273 en

736 4306 841 4367 111.
863 4316 924 4359 nr
945 4309 1056 4368 141,
1078 4308 1184 4362 blz.
1204 4308 1316 4361 162.
1339 4309 1409 4361 ΑΙ
1433 4309 1534 4363 het
1550 4310 1911 4377 voorgaande
1928 4310 1996 4369 is,
2024 4310 2084 4361 in
2108 4309 2417 4362 verkorten
2435 4320 2614 4367 vorm.
2633 4319 2792 4359 maar
2808 4306 2963 4370 bijna
2982 4296 3148 4355 ovenl

736 4384 1090 4452 woordeliJk,
1116 4388 1202 4440 uit
1224 4387 1316 4439 die
1338 4387 1436 4440 bul
1460 4389 1803 4456 getrokken.

801 4465 874 4528 (2)
908 4463 1203 4533 Vergelijk
1226 4466 1297 4518 de
1315 4480 1460 4532 open
1483 4467 1717 4520 brieven
1740 4469 1868 4531 (van
1886 4467 1951 4518 23
1969 4466 2246 4520 Februari
2271 4464 2420 4528 1324)
2437 4478 2545 4517 van
2569 4465 2679 4517 den
2701 4458 3150 4528 Kamerijkschen

740 4543 1001 4609 bissehop
1020 4557 1157 4596 over
1178 4543 1288 4596 den
1305 4546 1610 4614 gunstigen
1631 4546 1817 4612 afloop
1834 4560 1941 4598 van
1960 4545 2061 4598 het
2077 4544 2398 4597 onderzoek
2415 4543 2767 4596 betreffende
2792 4542 2862 4594 de
2881 4542 3149 4600 Antwerp·

740 4621 876 4675 sebe
898 4635 970 4675 en
994 4622 1066 4675 de
1092 4621 1462 4682 Brusselsche
1485 4623 1784 4691 Regimen,
1808 4625 1867 4677 in
1895 4622 2105 4692 Corpus
2124 4623 2173 4684 1,
2199 4632 2260 4675 nr
2279 4622 2393 4683 178,
2418 4621 2525 4674 bls.
2551 4620 2789 4684 173474,
2813 4634 2885 4673 en
2908 4620 2980 4682 11,
3005 4626 3060 4670 nr
3077 4613 3149 4671 51.

740 4700 848 4753 blz.
873 4698 958 4754 84.
