3526 5522
1352 548 1455 601 AN
1461 547 1560 602 ΝΟ
1597 548 1722 598 1483
2667 545 2759 597 131

341 717 634 783 periculum
660 716 986 786 [officiarios
1012 716 1102 780 ad]
1130 729 1347 767 sacram
1365 715 1821 766 communionem
1839 715 2029 766 tamen
2053 712 2381 771 admisistis,
2402 712 2551 777 quod
2574 712 2764 763 iacere

342 814 438 852 non
462 798 759 853 debuistis:
787 814 898 865 que
920 811 1117 860 res‚ex
1139 798 1335 863 quavis
1359 810 1531 849 causa
1545 793 1956 864 processe[rit],
1982 797 2158 863 digna
2174 796 2263 848 est
2280 794 2769 847 animadversione

341 883 668 949 castiganda.

394 965 502 1016 Nos
546 966 743 1031 igitur,
795 964 1133 1017 universalis
1180 962 1420 1017 ecclesie
1464 976 1658 1014 curam
1705 959 2038 1029 ge[rentes],
2087 975 2191 1026 pro
2238 961 2420 1013 nostri
2464 959 2767 1025 pastoralis

339 1047 491 1098 officii
546 1048 809 1115 diligenti
870 1046 1193 1114 vigilancia,
1256 1047 1480 1097 nostros
1542 1049 1944 1110 cooperatores
2017 1045 2230 1108 fovere,
2284 1046 2348 1095 ut
2409 1044 2589 1105 decet,
2649 1057 2761 1094 non

337 1130 659 1182 desistimus.
697 1130 969 1183 Volentes
1011 1132 1168 1181 tanto
1205 1129 1391 1182 errori
1426 1129 1496 1180 de
1536 1127 1752 1180 salubri
1797 1116 2055 1179 remedio
2091 1124 2456 1193 provi[dere],
2507 1125 2666 1176 vobis
2706 1128 2764 1177 et

336 1214 567 1265 vestrum
623 1213 863 1265 cuilibet
917 1212 1229 1264 districtius
1295 1211 1707 1263 commictimus
1749 1211 1809 1262 et
1847 1209 2199 1274 mandamuS,
2259 1208 2523 1272 quatinus
2584 1208 2767 1259 dictos

335 1296 525 1348 fratres
548 1297 608 1347 in
633 1295 892 1348 ecclesiis
926 1295 1131 1348 vestris
1164 1295 1463 1360 predicare
1496 1292 1849 1359 permictatis
1884 1293 1943 1344 et
1976 1291 2157 1343 dictos
2194 1290 2499 1342 officiarios
2533 1292 2592 1342 et
2622 1290 2765 1342 alios

334 1381 511 1430 nostra
566 1378 905 1431 auctoritate
956 1378 1286 1442 requiratis,
1333 1379 1397 1429 ut
1441 1376 1688 1428 edictum
1735 1377 1850 1426 tam
1897 1374 2134 1439 impium
2177 1375 2463 1425 revocent.
2510 1373 2670 1433 Quod
2714 1373 2765 1424 si

331 1461 502 1513 facere
545 1459 1004 1528 recus[averint],
1045 1461 1114 1512 ad
1161 1460 1454 1526 graviores
1498 1471 1694 1523 penas,
1735 1457 2046 1510 secundum
2091 1469 2289 1509 eorum
2333 1455 2760 1520 contumaciam,

332 1544 707 1608 procedemus.

387 1625 603 1688 Datum,
628 1630 760 1689 etc„
784 1628 986 1689 Rome,
1014 1628 1106 1681 die
1132 1626 1193 1677 18
1216 1625 1514 1678 Februarii
1540 1623 1686 1688 1483,
1706 1637 1854 1675 anno
1878 1636 1976 1676 xn.

837 1737 1072 1791 Geheim
1106 1739 1326 1790 archiet
1348 1753 1454 1790 van
1478 1738 1578 1790 het
1599 1738 1869 1790 Vaticaan
1897 1738 1955 1790 te
1978 1738 2183 1795 Rome,
2215 1737 2469 1790 Minutae
2492 1735 2756 1791 brevium.

925 1822 962 1871 t.
990 1820 1033 1878 I,
1062 1829 1121 1871 nr
1145 1820 1229 1871 78.
1254 1848 1319 1859 —
1343 1820 1491 1873 Over
1526 1821 1610 1872 dit
1642 1819 1885 1886 geschil,
1921 1820 2005 1872 zie
2048 1818 2259 1887 Corpus
2292 1818 2367 1880 11,
2393 1816 2503 1869 blz.
2526 1817 2760 1868 273-277.

1342 2007 1451 2073 9¹7
1502 1998 1727 2092 (372⁴).

419 2198 623 2269 1483,
662 2189 1026 2258 Februari
1071 2198 1177 2267 18,
1221 2191 1458 2257 Rome.
1500 2196 1701 2256 Breve
1745 2210 1872 2256 van
1913 2210 2073 2273 paus
2105 2193 2322 2256 Sixtus
2354 2195 2466 2267 IV,
2507 2191 2755 2271 gericht

325 2294 413 2354 tot
442 2292 519 2355 de
544 2293 926 2372 schepenen‚
967 2291 1206 2354 dekens
1237 2310 1318 2354 en
1351 2292 1724 2356 raadsleden
1757 2310 1884 2355 van
1917 2294 2104 2369 Gent,
2146 2308 2300 2356 over
2323 2292 2456 2354 hun
2493 2291 2754 2370 boycot-

323 2392 525 2453 teeren
582 2408 710 2454 van
768 2391 845 2453 de
903 2390 1374 2454 Predikheeren
1430 2393 1682 2455 hunner
1730 2393 1898 2456 stad.
1953 2424 2037 2438 —
2084 2394 2176 2453 De
2232 2407 2391 2470 paus
2448 2392 2592 2469 zegt
2640 2407 2756 2452 een

324 2489 760 2553 smeekschriit
789 2492 1173 2581 ‘ontvangen
1221 2491 1287 2553 te
1335 2491 1578 2554 hebben
1610 2507 1736 2554 van
1787 2491 1865 2554 de
1897 2490 2212 2554 Gentsche
2243 2488 2747 2564 Predikheeren;

321 2586 398 2665 hij
433 2589 786 2663 herinnert‚
819 2588 930 2650 dat
962 2588 1039 2651 de
1065 2589 1729 2669 bisschop-kardinaal
1754 2607 1882 2653 van
1905 2588 2195 2653 Doornik
2219 2605 2297 2651 en
2325 2588 2568 2650 daarna
2591 2587 2755 2665 zijne

320 2687 657 2768 pauselijke
706 2688 1298 2769 gevolmachtigden
1348 2689 1428 2768 bij
1483 2689 1604 2751 den
1653 2690 2034 2769 magistraat
2082 2690 2188 2750 ten
2246 2687 2583 2750 voordeele
2640 2686 2752 2748 der

317 2787 774 2850 Predikheeren
824 2788 1230 2852 vruchteloos
1278 2788 1406 2866 zijn
1467 2788 2105 2870 tusschengekomen,
2162 2789 2263 2850 tot
2319 2788 2546 2867 groote
2602 2803 2746 2848 ver-

317 2886 679 2967 wondering
711 2902 837 2949 van
870 2887 989 2949 den
1031 2904 1213 2966 pauS.
1254 2891 1419 2951 Deze
1451 2888 1696 2951 beveelt
1746 2889 1867 2951 den
1915 2887 2296 2967 magistraat
2342 2887 2506 2965 zijne
2537 2887 2744 2948 maat-

319 2985 510 3064 regels
566 2986 804 3050 zonder
858 2986 1075 3048 uitstel
1139 2988 1207 3049 in
1272 2989 1339 3050 te
1403 2986 1701 3064 trekken,
1767 2988 1880 3051 wil
1947 3004 2094 3050 men
2151 3003 2374 3067 ergere
2439 2985 2747 3065 gevolgen

319 3085 675 3164 vermijden.

2364 3175 2430 3227 L.
2468 3176 2680 3229 Gritus.

379 3288 563 3341 Sixtus
605 3304 751 3356 papa
806 3290 922 3342 1111
985 3290 1208 3343 dilectis
1265 3289 1400 3342 filiis
1457 3290 1723 3354 scabinis,
1785 3291 2012 3343 decanis
2059 3292 2119 3343 et
2161 3290 2536 3343 consciliariis
2591 3291 2745 3356 opidi

321 3369 639 3424 Gaudensis.

375 3453 573 3508 Dilecti
613 3454 737 3515 filii,
779 3454 1038 3517 salutem,
1087 3458 1196 3508 etc.
1235 3456 1412 3509 Nobis
1457 3469 1563 3522 pro
1607 3457 1773 3523 parte
1818 3456 2155 3509 dilectorum
2200 3457 2451 3509 filiorum
2499 3457 2741 3508 fratrum

319 3533 731 3589 Predicatorum
769 3539 945 3590 vestri
991 3538 1147 3604 opidi
1185 3539 1298 3590 suit
1336 3538 1703 3603 querulanter
1748 3540 2089 3605 expositum,
2132 3540 2301 3603 quod,
2335 3540 2459 3591 sine
2504 3537 2742 3591 alicuius

318 3629 469 3672 cause
507 3621 854 3687 cognitione,
895 3622 1165 3673 adversus
1206 3635 1322 3682 eos,
1366 3623 1567 3674 contra
1610 3622 1699 3673 ius
1739 3622 1992 3674 divinum
2028 3624 2088 3675 et
2120 3622 2447 3685 humanum,
2483 3635 2585 3687 per
2619 3619 2746 3672 loca

316 3699 526 3762 publica
560 3703 739 3767 ipsius
774 3703 928 3768 opidi
963 3704 1066 3755 sub
1102 3704 1276 3757 certis
1313 3705 1478 3768 penis
1518 3705 1867 3769 pecuniariis
1902 3706 2088 3758 edicto
2122 3704 2349 3770 publico
2393 3702 2741 3763 inhibuistis,

316 3792 380 3833 ne
413 3784 536 3847 quis
574 3785 779 3837 divinis
820 3785 1021 3837 officiis
1066 3785 1154 3838 vel
1200 3785 1704 3851 predicationibus,
1754 3801 1864 3852 que
1910 3788 1970 3839 in
2009 3801 2208 3840 eorum
2253 3785 2495 3839 ecclesia
2540 3786 2741 3838 devote

315 3863 674 3929 celebrantur,
697 3868 1058 3928 interveniat,
1084 3882 1183 3921 seu
1218 3881 1417 3921 eorum
1449 3870 1792 3935 paupertati,
1819 3884 2005 3935 quam,
2032 3871 2179 3922 sicut
2212 3871 2508 3930 noverunt,
2536 3869 2737 3921 devote

317 3944 618 4009 observant,
653 3947 843 4014 aliqua
876 3950 1129 4003 subsidia
1159 3952 1587 4017 imparciantur.
1614 3952 1702 4009 Et,
1742 3953 1892 4016 quod
1927 3953 2155 4020 gravius
2187 3951 2526 4017 accepimus,
2550 3951 2734 4016 primo

315 4040 409 4092 per
440 4032 812 4085 venerabilem
847 4034 1085 4086 tratrem
1124 4035 1378 4086 nostrum
1415 4034 1740 4100 episcopum
1778 4034 2214 4101 Tornacensem,
2250 4035 2444 4087 sancte
2475 4033 2734 4087 Romane

316 4110 536 4165 eeclesie
569 4113 719 4166 tituli
752 4116 931 4166 sancti
965 4114 1167 4167 vitalis
1200 4116 1579 4181 presbiterum
1615 4115 1979 4177 cardinalem,
2005 4117 2286 4182 requisiti,
2323 4118 2382 4168 et
2411 4117 2610 4181 postea
2630 4129 2732 4182 per

315 4205 436 4245 suos
457 4195 753 4248 officiarios
788 4199 983 4249 nostra
1004 4199 1342 4251 auctoritate
1366 4199 1425 4249 in
1450 4197 1557 4250 hac
1588 4212 1654 4250 re
1687 4199 1912 4263 moniti,
1941 4199 2215 4251 desistere
2249 4197 2512 4251 noluistis
2547 4212 2732 4263 neque

315 4275 416 4327 tam
452 4276 680 4343 impium
721 4280 966 4332 edictum
1003 4293 1295 4333 revocare.
1339 4281 1460 4341 Que
1504 4294 1600 4333 res
1639 4282 1859 4334 auditui
1899 4282 2093 4332 nostro
2134 4295 2202 4334 eo
2249 4281 2479 4349 gravior
2523 4281 2735 4346 extitit,

315 4359 489 4420 quoin
513 4362 677 4427 opido
710 4365 824 4413 tam
858 4362 1091 4429 insigni,
1127 4362 1238 4415 ilde
1273 4363 1333 4415 et
1364 4362 1647 4430 religione
1682 4362 1858 4424 clam,
1894 4365 2094 4416 contra
2126 4363 2518 4416 misericordie
2559 4377 2732 4429 opera

313 4441 417 4492 tam
437 4445 632 4497 acerba
654 4444 730 4496 sit
753 4443 1168 4497 deliberatione
1189 4458 1542 4510 processum.

371 4522 622 4578 volentes
656 4526 837 4594 igitur
870 4525 1252 4580 ecclesiastice
1285 4526 1558 4586 libertati,
1597 4542 1708 4593 que
1742 4528 1843 4581 tali
1879 4529 2065 4583 edicto
2100 4544 2213 4582 non
2247 4529 2612 4583 mediocriter
2644 4529 2731 4580 est

319 4605 527 4673 offensa,
559 4622 663 4674 pro
700 4609 893 4661 nostro
927 4608 1201 4674 pastorali
1235 4610 1420 4662 officio
1453 4612 1693 4676 paterna
1725 4612 1940 4677 pietate
1971 4613 2288 4678 providere,
2310 4626 2410 4663 vos
2433 4612 2725 4663 hortamur
