3526 5522
1293 633 1502 688 ANNO
1548 634 1677 684 1460
2644 631 2710 682 99

287 801 433 862 prout
461 800 543 849 eis
576 798 840 866 suggerit
873 798 1098 856 demon,
1125 799 1224 849 aut
1245 798 1721 850 comminaciones
1759 798 2135 862 susceperunt
2156 797 2226 848 ab
2251 797 2594 853 hominibus,
2623 795 2713 847 vel

287 879 645 934 verisimiliter
678 882 899 946 putant,
925 881 974 932 si
1009 894 1108 933 eos
1144 882 1428 936 accusent,
1458 881 1527 931 ad
1562 894 1763 932 eorum
1788 879 2055 932 devenire
2080 878 2369 937 noticiam,
2397 880 2493 930 aut
2516 892 2587 931 ex
2615 893 2718 944 spe

286 968 334 1014 et
351 963 716 1027 promissione
741 964 811 1016 de
835 963 1119 1016 iuvamine
1144 963 1216 1014 ad
1239 960 1646 1014 liberacionem
1671 976 1705 1014 a
1733 963 1945 1025 morte3
1972 963 2176 1027 putant
2199 961 2378 1013 eciam
2403 963 2461 1013 et
2484 963 2718 1026 sperant

287 1044 443 1096 adhuc
476 1046 687 1099 debere
722 1061 851 1098 cum
886 1046 970 1098 eis
1006 1045 1335 1098 conversari
1369 1046 1428 1096 in
1465 1046 1677 1096 mundo
1714 1047 1774 1097 et
1805 1045 1998 1097 redire
2030 1044 2264 1109 sperant
2296 1044 2369 1096 ad
2403 1057 2717 1110 congrega-

285 1127 499 1187 cionem,
523 1129 688 1180 etita
711 1129 914 1181 timent
937 1129 1238 1181 demonem
1261 1130 1320 1180 et
1343 1128 1631 1191 homines;
1669 1128 1997 1178 afficiuntur
2030 1127 2211 1179 eciam
2245 1127 2481 1191 propter
2515 1125 2714 1190 imple·

284 1211 479 1261 cionem
506 1212 942 1271 desideriorum,
960 1213 1091 1270 etc„
1106 1212 1259 1262 secte
1277 1209 1382 1262 illi.
1407 1210 1551 1261 Tum
1569 1211 1839 1267 secundo,
1853 1209 2120 1273 quoniam
2137 1208 2341 1260 demon
2362 1222 2462 1259 eos
2479 1208 2720 1272 impedit

285 1305 523 1345 accusare
556 1294 727 1345 modo
763 1308 1034 1359 expresso
1070 1306 1245 1358 supra
1277 1293 1336 1344 in
1373 1292 1614 1344 articulo
1652 1293 1978 1343 immediate
2013 1290 2366 1355 precedenti,
2406 1303 2476 1341 ne
2515 1291 2720 1356 perdat

283 1375 489 1438 predam
506 1391 695 1440 suam3
722 1377 780 1428 et
799 1376 1172 1443 singulariter
1191 1375 1430 1440 impedit
1448 1389 1716 1426 accusare
1738 1375 2007 1431 maiores,
2030 1374 2127 1437 qui
2147 1374 2204 1424 in
2224 1372 2534 1425 maioribus
2553 1373 2718 1424 malis

282 1457 647 1521 obsequuntur
681 1458 809 1511 sibi.
850 1459 1144 1515 preterea,
1183 1471 1255 1510 ex
1302 1458 1415 1509 hiis
1460 1457 2040 1515 consideracionibus‚
2080 1455 2477 1508 accusaciones
2518 1457 2719 1508 contra

281 1541 499 1594 maiores
522 1543 657 1593 sunt
682 1541 1146 1594 vehemenciores
1171 1543 1230 1593 et
1253 1541 1486 1592 maioris
1521 1541 1760 1606 vigoris,
1788 1554 1956 1604 quam
1991 1540 2192 1590 contra
2227 1539 2498 1600 minores,
2525 1553 2716 1603 quam·

283 1623 367 1679 vis,
379 1638 443 1676 ex
460 1627 624 1689 parte
644 1624 774 1683 alia,
788 1624 1154 1689 ponderande
1170 1624 1286 1675 sint
1303 1637 1337 1674 a
1353 1623 1634 1674 iudicibus
1651 1624 1832 1688 magis
1849 1635 2093 1687 persone
2109 1622 2366 1688 insignes
2379 1622 2711 1679 etmaiores‚

285 1720 430 1769 quam
450 1707 645 1759 infime
668 1710 727 1759 et
749 1707 910 1759 vileS.
936 1707 1137 1770 Neque
1161 1705 1401 1757 multum
1424 1707 1587 1757 curat
1606 1706 1830 1765 demon,
1853 1706 1903 1756 si
1926 1704 2244 1755 moriantur
2265 1702 2597 1766 valdenses,
2618 1704 2714 1768 qui

286 1791 504 1841 confessi
538 1792 673 1841 sunt
696 1804 889 1841 casum
924 1802 1109 1852 suum,
1136 1802 1323 1853 ymmo
1359 1789 1556 1853 pocius
1586 1790 1821 1852 exoptat
1853 1787 2100 1839 celerem
2134 1788 2375 1837 mortem
2412 1799 2631 1848 eorum,
2656 1788 2719 1838 ut

288 1871 471 1923 habeat
493 1875 736 1937 animas;
774 1873 875 1924 sed
899 1872 1139 1936 impedit
1163 1885 1233 1922 ex
1261 1872 1506 1922 maxima
1530 1869 1865 1930 subtilitate,
1893 1868 2120 1920 malicia
2141 1870 2201 1920 et
2221 1870 2524 1933 potestate,
2551 1882 2718 1932 quam

289 1954 438 2006 habet
469 1955 525 2006 in
551 1969 670 2014 eos,
698 1969 770 2007 ne
808 1956 1092 2011 accusent,
1121 1954 1229 2004 nisi
1255 1953 1639 2005 incarceratos
1675 1954 1774 2004 aut
1807 1966 2016 2017 paucos
2053 1951 2195 2002 alios
2231 1951 2300 2001 de
2338 1964 2442 2002 sua
2475 1953 2631 2002 secta
2665 1953 2723 2002 et

288 2039 438 2088 sorte.
465 2038 580 2089 Pro
614 2035 975 2090 resolucione
1011 2049 1150 2102 crgo
1188 2036 1399 2087 habent
1422 2035 1682 2087 homines
1706 2035 1910 2100 pratici
1934 2035 2068 2085 boni
2093 2033 2198 2085 zeli
2224 2038 2282 2085 et
2307 2034 2502 2084 iudicii
2532 2034 2589 2084 in
2616 2034 2725 2084 hac

292 2118 548 2185 singulari
572 2121 814 2172 materia
837 2133 907 2171 ex
934 2133 1048 2170 una
1079 2117 1202 2170 sola
1237 2119 1625 2177 accusacione‚
1654 2118 1845 2170 debite
1868 2117 2438 2168 circumstancionata
2461 2120 2524 2168 ut
2540 2117 2717 2182 prius,

293 2201 648 2264 incarcerare,
669 2203 1052 2266 questionare,
1074 2203 1204 2257 etc..
1230 2201 1475 2253 maxime
1492 2200 1636 2252 viles
1657 2204 1714 2252 et
1734 2200 1958 2251 infimas
1981 2213 2273 2264 personas,
2296 2212 2479 2261 neque
2505 2199 2718 2263 reperi-

290 2286 385 2343 tur.
413 2289 472 2335 ut
489 2284 703 2345 dieunt,
732 2286 1005 2336 detectus.
1034 2283 1413 2348 Experiencia
1439 2284 1636 2335 habita
1658 2285 1744 2334 est
1768 2282 1970 2334 diebus
1989 2282 2114 2333 istis
2138 2283 2195 2331 in
2222 2280 2347 2332 loco
2371 2282 2625 2346 presenti
2650 2282 2719 2332 de

288 2365 551 2426 Deniseta,
567 2381 675 2431 que
695 2368 919 2419 unicam
940 2367 1363 2418 accusacionem
1382 2366 1645 2424 habebat,
1659 2366 1730 2417 de
1748 2366 1973 2427 abbate,
1995 2365 2065 2416 de
2083 2364 2280 2416 Coleta
2297 2362 2439 2416 dele
2459 2364 2716 2428 Strebee‚

288 2447 345 2498 de
367 2448 602 2501 Ieremia
624 2448 1003 2516 d'Auvergne‚
1033 2449 1103 2501 de
1129 2448 1331 2500 Belota
1355 2448 1702 2500 Moucharde
1726 2450 1785 2499 et
1808 2448 1878 2500 de
1902 2446 2186 2511 aliquibus
2211 2445 2359 2498 aliis.
2387 2446 2460 2498 Et
2490 2461 2716 2512 semper

288 2533 674 2585 consideranda
706 2536 796 2584 est
836 2529 1206 2597 singularitas
1245 2532 1411 2582 istius
1450 2546 1633 2591 casus,
1672 2532 1769 2582 ubi
1815 2529 1923 2581 soli
1963 2528 2269 2595 complices
2308 2530 2548 2593 possunt
2588 2544 2715 2581 esse

289 2614 438 2665 testes
472 2631 571 2667 seu
607 2616 966 2667 accusatores
999 2617 1237 2679 propter
1271 2613 1717 2665 occultacionem
1742 2614 1829 2665 rei
1853 2613 2037 2671 istius,
2066 2626 2176 2676 que
2200 2612 2583 2664 secretissima
2607 2616 2714 2664 est.

291 2694 691 2750 Observandum
728 2698 908 2749 eciam
943 2699 1032 2748 est
1065 2695 1389 2764 vigilanter,
1419 2697 1551 2746 dum
1576 2695 1887 2747 valdenses
1911 2709 1971 2746 se
2002 2697 2060 2746 et
2083 2693 2226 2745 alios
2250 2695 2532 2753 accusant,
2561 2697 2710 2758 quod

291 2782 458 2832 omnia
477 2783 814 2847 redigantur
843 2781 898 2831 in
926 2780 1173 2844 scriptis,
1201 2780 1501 2844 presertim
1529 2793 1725 2831 omnes
1749 2792 1995 2844 persone
2019 2779 2279 2830 accusate
2313 2792 2440 2829 cum
2475 2778 2714 2830 circum·

291 2862 496 2914 stanciis
520 2867 582 2916 et
603 2863 830 2914 indiciis
855 2862 1147 2913 ambarum
1172 2863 1426 2927 parcium
1450 2861 1653 2926 copule
1673 2864 1909 2927 propter
1926 2861 2384 2912 convenienciam
2404 2862 2462 2911 et
2479 2875 2714 2912 concur-

288 2945 513 2997 renciam
538 2945 779 2996 aliarum
804 2944 1254 2995 aecusacionum.
1279 2943 1478 3007 Neque
1499 2944 1922 3008 interrogantes
1947 2943 2246 3005 quicquam
2272 2941 2462 2994 dicere
2482 2943 2713 3007 habent,

289 3026 416 3077 unde
447 3027 788 3092 interrogati
824 3027 1175 3078 occasionem
1213 3026 1460 3077 habeant
1500 3026 1808 3077 excusandi
1850 3025 2090 3089 aliquos,
2130 3024 2395 3087 quoniam
2437 3029 2712 3091 suggestu

291 3106 520 3160 demonis
544 3113 603 3162 et
625 3124 693 3162 ex
720 3109 1096 3175 promissione
1121 3110 1272 3160 lacta
1296 3109 1482 3160 eidem
1505 3108 1673 3173 proni
1697 3110 1831 3158 sunt
1865 3108 1933 3159 ad
1969 3107 2351 3158 excusandum
2389 3106 2530 3158 alios
2555 3111 2614 3159 et
2638 3108 2717 3160 nil

290 3187 420 3240 aliud
453 3197 699 3256 querunt
733 3206 902 3255 quam
937 3205 1231 3248 excusare,
1259 3205 1327 3242 ex
1364 3191 1550 3242 causis
1585 3191 1787 3252 eciam,
1814 3191 1884 3241 de
1910 3189 2114 3253 quibus
2138 3203 2328 3253 supra.
2355 3189 2428 3241 Et
2450 3190 2718 3242 audiendi

291 3275 418 3337 sunt,
435 3277 730 3340 postquam
749 3275 1110 3326 intraverunt
1127 3273 1563 3332 contessionem,
1585 3274 1645 3324 in
1670 3272 2040 3324 accusacione
2059 3271 2148 3323 sui
2167 3274 2226 3323 et
2243 3272 2485 3324 aliorum
2505 3274 2718 3337 absque

291 3353 740 3425 interrogatoriis,
760 3357 1031 3421 quantum
1050 3358 1140 3408 est
1157 3356 1455 3421 possibile;
1482 3359 1540 3408 et
1564 3356 1623 3406 in
1646 3355 2074 3421 interrogando,
2099 3368 2244 3405 unus
2265 3354 2419 3405 solus
2437 3354 2594 3419 loqui
2619 3356 2714 3407 de-

291 3434 399 3488 beat
418 3441 473 3491 et
495 3441 855 3506 interrogare
879 3453 983 3505 pro
1003 3438 1205 3491 eodem
1226 3441 1502 3503 tempore,
1540 3438 1810 3502 quoniam
1833 3436 2078 3488 maxime
2103 3437 2379 3501 appetunt
2401 3437 2712 3490 valdenses

291 3516 619 3589 interrogati,
642 3523 741 3574 aut
763 3534 990 3587 semper
1017 3534 1159 3587 vage
1183 3520 1341 3585 loqui
1364 3522 1529 3573 extra
1551 3520 1870 3578 materiam,
1897 3520 1993 3569 aut
2018 3519 2168 3582 quod
2191 3518 2386 3583 plures
2405 3518 2714 3583 loquantur

289 3613 396 3653 eum
425 3605 527 3658 eis.
550 3605 624 3658 Et
646 3605 780 3656 dum
815 3604 958 3655 alios
993 3606 1260 3656 accusent
1295 3605 1393 3655 aut
1423 3617 1505 3661 se,
1531 3603 1717 3666 pauci,
1742 3602 1843 3653 sed
1868 3601 2128 3652 homines
2152 3601 2317 3664 probi
2342 3603 2401 3653 et
2423 3603 2559 3653 boni
2583 3602 2709 3658 zeli.

291 3679 475 3737 debent
494 3700 614 3739 csse
637 3688 954 3751 presentes,
981 3685 1247 3749 quoniam
1273 3687 1543 3736 verentur
1561 3682 1985 3735 multitudinem
2004 3685 2101 3734 aut
2121 3696 2294 3733 novos
2314 3684 2373 3734 et
2390 3683 2714 3749 incognitos

292 3761 521 3821 homines
554 3772 651 3820 aut
683 3768 897 3821 amicos
931 3767 1182 3826 illorum,
1210 3781 1351 3830 quos
1386 3764 1528 3817 alias
1563 3765 1916 3817 accusarent.
1953 3764 2029 3816 Et
2062 3764 2196 3815 dum
2230 3765 2511 3829 incipiunt
2542 3767 2715 3817 fateri

289 3857 452 3901 casum
475 3865 633 3902 suum
654 3852 714 3901 et
732 3863 1021 3906 accusare,
1042 3849 1441 3900 examinentur
1458 3861 1586 3898 cum
1606 3845 1917 3912 diligencia
1933 3846 2003 3896 de
2024 3859 2158 3897 casu
2181 3859 2284 3897 suo
2309 3847 2369 3897 81
2390 3846 2461 3897 (18
2485 3860 2713 3898 accusa-

293 3928 520 3985 cionibus
541 3934 783 3987 aliorum
807 3946 920 3985 uno
947 3934 1150 3988 tractu,
1177 3932 1226 3981 si
1251 3930 1327 3981 sit
1347 3928 1636 3995 possibile,
1659 3928 1928 3993 quoniam
1953 3927 2093 3980 alias
2112 3928 2507 3993 reperirentur
2531 3928 2714 3981 altera

293 4010 393 4065 vioe
410 4017 627 4069 remissi
655 4018 714 4068 et
749 4015 1108 4067 transmutati
1134 4028 1168 4064 a
1190 4014 1432 4065 demone
1455 4011 1543 4064 vel
1569 4011 1914 4070 hominibus,
1941 4010 1990 4060 si
2016 4025 2128 4061 non
2153 4011 2231 4061 sit
2247 4010 2438 4063 debita
2458 4012 2712 4075 provisio

293 4091 419 4149 circa
435 4112 711 4162 carceres,
737 4097 1005 4162 quoniam
1027 4097 1219 4147 custos
1242 4095 1510 4153 carceris,
1532 4095 1581 4145 si
1604 4094 1750 4146 bene
1770 4093 2004 4144 affectus
2027 4092 2104 4144 sit
2127 4093 2197 4144 ad
2222 4093 2516 4166 materiam
2542 4094 2602 4145 et
2622 4095 2712 4146 vir

293 4174 543 4233 virtuosus
565 4183 625 4233 et
644 4181 880 4246 probus,
905 4179 1096 4243 potest
1119 4177 1361 4230 multum
1385 4178 1670 4242 proficere
1702 4177 1774 4228 ad
1797 4175 2178 4227 inducendum
2212 4189 2342 4228 eum
2377 4174 2466 4228 vel
2502 4189 2601 4228 eos
2641 4177 2713 4228 ad

293 4269 453 4314 veram
483 4263 898 4316 contessionem
932 4260 1021 4312 sui
1055 4273 1220 4313 casus
1258 4262 1317 4312 et
1341 4259 1586 4312 aliorum
1610 4257 2039 4311 accusacionem
2064 4256 2398 4323 alliciendot,
2424 4258 2472 4309 si
2507 4258 2712 4324 malus,

294 4351 477 4399 tumme
497 4349 686 4413 potest
708 4346 930 4404 obesse,
957 4345 1090 4395 dum
1114 4357 1214 4396 eos
1240 4343 1452 4402 visitat,
1465 4342 1623 4393 ducit
1648 4343 1707 4394 et
1730 4340 1959 4393 reducit
1980 4341 2080 4392 aut
2101 4341 2216 4393 vite
2241 4340 2564 4394 necessaria
2585 4342 2715 4393 sub·

294 4425 561 4495 ministrat,
581 4443 681 4482 eos
696 4426 856 4495 [non]
870 4426 1115 4479 dulciter
1129 4426 1447 4478 amonendo
1469 4426 1541 4477 ad
1559 4424 1817 4477 veritatis
1829 4422 2245 4476 contessionem
2262 4425 2361 4476 aut
2376 4424 2713 4477 dimovendo

295 4517 324 4553 8·
349 4513 567 4565 veritate
611 4511 854 4564 dicenda
893 4512 991 4562 aut
1035 4509 1357 4562 inducendo
1403 4509 1473 4559 ad
1516 4508 1888 4573 negacionem
1927 4505 2087 4569 prius
2127 4506 2601 4559 comessatorum.
2633 4508 2708 4560 Et

296 4586 539 4662 intellige,
558 4594 759 4652 lector,
788 4593 939 4656 quod
959 4607 1072 4645 non
1091 4592 1225 4644 sunt
1246 4592 1528 4657 sperande
1554 4593 1653 4641 aut
1676 4587 2027 4653 expectande
2050 4588 2292 4640 aliorum
2316 4591 2712 4642 accusaciones

298 4668 344 4721 in
375 4679 559 4739 morte,
586 4676 924 4741 quinpocius
963 4677 1020 4727 in
1063 4675 1249 4726 morte
1291 4674 1501 4725 iniuste
1544 4672 1855 4724 valdenses
1893 4672 2167 4721 excusant
2205 4684 2324 4729 eos,
2367 4686 2509 4737 quos
2548 4672 2710 4736 prius
