3526 5522
1310 576 1518 628 ANNO
1558 575 1685 625 1418
2653 576 2718 627 55

282 759 591 810 sumpsero,
628 759 910 797 canonum
944 743 1237 797 severitati
1272 743 1538 806 tanquam
1573 741 1832 806 relapsus
1867 740 2169 793 subiaccbo
2204 742 2262 793 et
2294 755 2385 793 me
2427 742 2721 794 subiacere

286 828 481 880 debere
506 827 704 879 iudico
729 827 855 892 ipso
878 828 1068 881 facto..

341 910 412 962 Et
452 910 608 963 hanc
656 911 1072 962 contessionem
1121 910 1180 961 et
1226 908 1660 974 obligacionem,
1707 907 1941 973 proprio
1988 907 2308 959 iuramento
2353 907 2616 960 vallatam
2665 908 2724 960 et

286 1003 441 1041 manu
480 990 725 1055 propria
762 990 1051 1053 scriptam,
1095 988 1223 1039 volo
1266 988 1515 1053 dirigere
1555 986 1626 1038 ad
1664 999 1907 1052 regnum
1951 985 2178 1052 Anglie,
2225 987 2372 1052 regi,
2417 988 2621 1052 regine
2666 988 2725 1038 et

287 1072 590 1123 baronibus
636 1085 700 1122 ac
746 1072 1046 1136 episcopis,
1096 1072 1154 1122 et
1199 1071 1269 1121 ad
1315 1069 1583 1134 oppidum
1634 1068 1948 1127 Alkmarie,
2006 1069 2157 1119 unde
2214 1069 2364 1121 traxi
2418 1070 2721 1134 originem,

290 1158 344 1206 ut
381 1154 489 1207 hoc
533 1154 818 1219 scriptum
868 1154 967 1205 flat
1010 1155 1421 1218 sempiternum
1468 1151 1881 1203 munimentum
1929 1151 2063 1202 fidei
2106 1165 2233 1203 mee
2280 1152 2615 1209 orthodoxe,
2664 1155 2723 1203 et

289 1238 450 1288 eciam
487 1251 568 1289 ne
604 1237 731 1301 quis
765 1237 841 1288 sit
873 1237 934 1287 in
969 1249 1255 1301 quoquam
1289 1233 1499 1301 angulo
1534 1235 1750 1294 mundi,
1789 1234 1887 1297 qui
1922 1234 2126 1286 audeat
2163 1235 2389 1286 nomine
2424 1249 2550 1285 meo
2586 1236 2725 1286 istas

283 1319 612 1384 reprobatas
657 1321 716 1370 et
764 1321 914 1371 iuste
963 1319 1295 1383 dampnatas
1351 1330 1454 1383 per
1509 1315 1618 1367 hoc
1664 1330 1888 1368 sacrum
1935 1316 2374 1368 Constanciense
2420 1316 2724 1368 concilium

285 1403 417 1453 tueri
451 1404 557 1453 aut
594 1402 911 1467 approbare
933 1401 1349 1459 conclusionem
1374 1403 1433 1452 et
1455 1400 1519 1451 ut
1545 1400 1651 1450 toti
1676 1399 2079 1450 christianitati
2103 1399 2483 1464 resplendeat,
2511 1400 2718 1450 nedum

285 1496 366 1536 me
385 1484 511 1535 istis
534 1482 999 1535 conclusionibus
1022 1497 1124 1534 seu
1146 1482 1316 1533 sectis
1342 1495 1452 1532 non
1477 1494 1602 1533 esse
1625 1481 1963 1546 propicium,
1983 1495 2182 1533 verum
2205 1495 2330 1534 esse
2354 1484 2523 1546 atque
2542 1483 2721 1534 conti·

288 1579 444 1617 nuum
461 1568 598 1618 tore
620 1566 1027 1630 sempiternum
1046 1566 1354 1617 inimicum.
1377 1564 1620 1630 Insuper
1641 1564 1770 1615 volo
1795 1565 1855 1616 et
1876 1564 2196 1622 consencio,
2216 1578 2359 1631 rogo
2379 1567 2437 1617 et
2460 1565 2718 1629 obsecro,

286 1648 478 1700 dictam
501 1663 695 1702 meam
724 1650 1064 1713 scripturam
1098 1650 1366 1712 tanquam
1389 1648 1698 1700 hereticam
1721 1649 1781 1699 et
1806 1660 2105 1699 erroneam
2128 1646 2354 1711 publice
2378 1648 2653 1699 comburi.

343 1732 583 1785 Lectum
626 1745 732 1797 per
775 1745 884 1791 me,
932 1731 1244 1784 Iohannem
1288 1732 1692 1795 supradictum,
1732 1729 2066 1782 constancia
2102 1730 2161 1780 in
2196 1731 2450 1782 sessione
2495 1731 2723 1782 concilii

289 1815 573 1881 generalis
594 1816 655 1866 in
681 1816 895 1867 maiore
920 1814 1163 1867 ecclesia
1187 1814 1635 1878 constancienci,
1659 1827 1766 1879 pro
1790 1813 2101 1865 christiana
2125 1813 2252 1865 tide.

808 1913 1156 1978 Keizerlijke
1192 1911 1557 1963 Bibliotheek
1612 1913 1669 1964 te
1722 1912 1997 1970 Weenen,
2048 1911 2418 1963 Handschritt
2460 1912 2724 1965 beschre-

874 2011 979 2048 ven
1024 1997 1201 2047 onder
1241 2004 1301 2047 nr
1338 1994 1469 2045 4902
1504 1996 1606 2046 der
1650 1994 1893 2047 Tabulae
1930 1993 2177 2046 codicum
2215 1997 2725 2064 manuscriptorum

870 2082 934 2131 in
978 2076 1306 2131 bibliotheca
1352 2076 1542 2130 Palae.
1602 2076 2013 2130 Vindobonensi
2056 2084 2504 2141 asservatorum5
2560 2080 2718 2144 atge-

873 2162 1046 2213 drukt
1101 2162 1243 2212 door
1300 2161 1391 2213 W.
1441 2160 1599 2221 Moll,
1647 2158 1933 2213 Iohannes
1977 2176 2088 2212 van
2132 2158 2414 2212 Alkmaar
2458 2162 2591 2213 vddr
2635 2159 2724 2213 hcc

872 2245 1226 2312 ketteryeriyt
1261 2243 1360 2296 der
1393 2241 1911 2310 kerkverqaderinq
1944 2259 2054 2295 van
2093 2241 2385 2310 Constans,
2413 2242 2469 2293 in
2493 2242 2725 2295 Studien

876 2341 943 2379 en
979 2325 1271 2394 szdrayen
1305 2340 1373 2392 op
1398 2323 1433 2376 ἐ
1460 2323 1660 2393 yebied
1683 2324 1786 2377 der
1808 2323 2134 2378 histor-ischa
2168 2324 2459 2394 theologie,
2486 2325 2612 2377 deel
2636 2326 2723 2378 111

873 2407 1064 2472 (1876),
1099 2407 1208 2459 blz.
1245 2407 1418 2468 20-25,
1457 2421 1595 2459 naar
1629 2422 1735 2460 een
1772 2408 2051 2466 asschritt,
2079 2423 2150 2473 op
2175 2409 2283 2473 zijn
2318 2408 2560 2460 verzoek
2585 2409 2727 2461 door

875 2491 942 2543 F.
980 2506 1087 2542 von
1125 2490 1408 2543 Hellwald
1443 2493 1499 2543 te
1533 2492 1789 2543 Weenen
1830 2491 2222 2557 vervaardigd.
2257 2519 2324 2530 -
2356 2492 2546 2543 Reeds
2587 2491 2727 2543 Moll

875 2573 1035 2627 heett
1075 2588 1214 2639 erop
1261 2587 1526 2642 gewezen
1566 2573 1696 2638 (blz.
1743 2572 1844 2636 19),
1887 2573 1997 2624 hoe
2038 2592 2063 2615 ιι
2101 2574 2172 2625 de
2211 2574 2390 2625 codex
2430 2588 2581 2624 soms
2621 2587 2728 2626 een

876 2659 1217 2709 onzuiveren
1242 2658 1302 2709 ot
1323 2657 1638 2708 onzekeren
1678 2655 1832 2707 tekst
1854 2655 2035 2712 levert
2060 2679 2108 2713 n,
2134 2656 2339 2720 terwijl
2364 2670 2547 2722 geene
2570 2655 2726 2709 HSS.

875 2741 1098 2793 bekend
1146 2741 1275 2806 zijn,
1318 2740 1409 2793 die
1453 2741 1541 2792 ter
1575 2738 1803 2791 collatie
1842 2740 2057 2791 zouden
2098 2738 2332 2792 kunnen
2373 2739 2597 2791 dienen.
2641 2741 2727 2792 De

876 2823 1234 2875 emendatien
1276 2823 1403 2886 zijn,
1448 2836 1520 2886 op
1585 2821 1789 2887 eenige
1836 2835 1926 2879 na,
1969 2835 2075 2872 van
2130 2822 2273 2885 zijne
2325 2821 2494 2872 hand.
2535 2850 2598 2861 —
2656 2821 2723 2873 In

878 2909 1087 2975 Corpus
1121 2907 1169 2970 1,
1206 2915 1265 2956 n‘
1298 2905 1413 2967 255,
1450 2905 1560 2958 blz.
1593 2904 1708 2964 297,
1735 2904 1896 2957 komt
1914 2904 2084 2957 enkel
2121 2911 2262 2958 eene
2286 2904 2574 2968 beknopte
2609 2905 2729 2955 ont·

875 2989 1071 3057 leding
1089 2989 1193 3042 der
1217 2988 1518 3042 Abiuracio
1541 3002 1699 3040 voor.

1290 3156 1403 3223 46
1454 3148 1629 3242 (254⁵
1653 3159 1732 3241 α).

400 3315 611 3386 1418,
657 3296 844 3373 Jw'u·
883 3315 997 3385 11,
1051 3308 1289 3393 Rg‘jsel.
1331 3309 1679 3373 Uittreksel
1725 3311 1824 3372 uit
1855 3310 1932 3372 de
1966 3310 2534 3390 stadsrekeningen
2582 3326 2734 3373 over

305 3407 407 3471 het
436 3409 766 3472 verteerde
799 3409 960 3473 door
985 3409 1362 3488 schepenen,
1404 3408 1779 3471 raadsleden
1814 3426 1891 3470 en
1919 3426 2094 3472 meer
2127 3409 2362 3472 andere
2386 3425 2727 3488 pcrsonen,

305 3507 396 3568 ter
458 3508 872 3587 gelegenheid
936 3525 1061 3571 van
1119 3509 1197 3570 de
1253 3507 1669 3587 beprediking
1716 3524 1844 3570 van
1900 3508 2037 3570 drie
2091 3507 2337 3571 ketters
2394 3508 2557 3571 door
2613 3507 2735 3569 den

305 3604 671 3685 inquisitam·
728 3608 795 3668 in
861 3607 973 3669 het
1037 3607 1343 3685 bijwezen
1398 3623 1524 3669 van
1581 3607 1703 3669 den
1769 3607 2066 3687 hisschop
2123 3624 2250 3670 van
2307 3606 2596 3671 Doornik
2656 3622 2736 3668 en

308 3705 533 3768 andere
566 3705 981 3785 goestelijken
1013 3722 1139 3769 van
1172 3706 1461 3768 aanzien.
2778 3695 2793 3710 '

367 3845 416 3896 A
433 3843 618 3896 Jehan
643 3844 911 3911 Segrard,
943 3844 1076 3909 qu’il
1114 3858 1148 3895 a
1179 3846 1309 3909 paie
1342 3857 1488 3909 pour
1523 3845 1766 3909 despens
1792 3845 1863 3897 de
1888 3845 2131 3905 bouche‚
2159 3847 2268 3898 tais
2294 3859 2399 3911 par
2421 3845 2738 3904 eschevins‚

312 3925 586 3989 pluiseurs
609 3929 683 3980 du
707 3926 944 3993 conseil,
969 3928 1205 3980 officiers
1230 3929 1288 3979 et
1312 3924 1569 3979 notables
1602 3927 1877 3994 bourgois
1902 3929 1972 3980 de
1995 3928 2050 3980 le
2073 3928 2224 3982 dicte
2246 3927 2396 3989 ville,
2423 3927 2478 3980 le
2501 3929 2739 3992 x1⁰j0ur

316 4008 466 4062 dudit
497 4012 639 4062 mois
674 4009 768 4079 [de
800 4010 965 4076 juing
1002 4008 1169 4078 1418]‚
1207 4024 1316 4074 que
1351 4010 1469 4062 lors
1504 4010 1637 4063 eulx
1676 4013 1870 4064 iurent
1905 4013 2148 4077 occupes
2183 4014 2308 4064 tout
2338 4011 2395 4063 le
2427 4012 2561 4076 jour
2594 4013 2653 4063 et
2675 4024 2737 4064 se

315 4091 523 4145 tinrent
559 4092 845 4146 ensamble
883 4107 1028 4159 pour
1066 4107 1235 4145 cause
1276 4093 1443 4146 d’une
1482 4095 1847 4158 predicacion
1888 4095 2059 4148 taicte
2106 4109 2177 4146 en
2225 4094 2407 4162 ycelle
2453 4093 2589 4146 ville
2632 4107 2738 4159 par

318 4174 366 4228 1ε
385 4177 723 4241 inquisiteur
746 4176 844 4228 des
868 4177 1136 4244 bougres‚
1162 4177 1393 4241 present
1416 4177 1487 4228 ad
1520 4191 1585 4229 ce
1619 4178 2026 4244 monseigneur
2060 4178 2341 4244 l’evesque
2373 4179 2444 4230 de
2468 4177 2737 4242 Tournay

318 4261 370 4309 et
397 4259 678 4324 pluiseurs
713 4259 968 4312 notables
1008 4273 1149 4325 gens
1191 4258 1444 4326 d’eglize,
1480 4261 1515 4312 a
1549 4261 1689 4311 trois
1729 4274 2044 4325 personnes
2078 4275 2276 4314 errans
2315 4263 2512 4314 contre
2551 4261 2606 4312 le
2638 4261 2738 4325 foy

318 4340 662 4404 chretiennet,
699 4356 842 4407 pour
863 4356 947 4402 ce.
983 4356 1087 4406 par
1111 4343 1398 4406 quittance
1421 4345 1708 4396 monstree
1734 4358 1953 4396 comme
1978 4345 2193 4405 dessus,
2219 4358 2312 4396 vm
2335 4343 2374 4395 l.
2400 4359 2437 4395 x
2462 4359 2507 4395 s.
2534 4343 2735 4396 rables.

821 4441 1207 4493 Stadsarchicr
1240 4445 1296 4493 te
1328 4442 1530 4506 Rijsel,
1556 4443 1994 4509 Scadsrekeniny
2019 4447 2159 4505 1418,
2188 4444 2424 4508 kapittel
2449 4459 2461 4495 z
2490 4444 2736 4511 Depence

885 4541 1188 4576 commune.
1224 4552 1291 4562 —
1328 4526 1424 4576 Zie
1465 4526 1574 4576 ook
1615 4527 1875 4592 Houdoy,
1920 4524 2206 4594 chapitres
2244 4526 2313 4580 de
2352 4525 2622 4579 l'histoire
2667 4524 2735 4576 de

891 4606 1057 4664 Line,
1084 4606 1187 4657 blz.
1211 4605 1294 4672 48,
1321 4620 1474 4657 waar
1497 4608 1566 4658 de
1592 4608 1784 4659 datum
1818 4607 2237 4672 verkeerdelijk
2272 4608 2355 4659 als
2390 4610 2525 4658 1417
2554 4607 2735 4658 wordt

894 4702 1242 4756 opgegeven‚
1270 4702 1341 4742 en
1367 4691 1573 4758 Corpus
1595 4692 1640 4750 1,
1669 4700 1728 4742 nr
1749 4690 1867 4746 253,
1887 4691 1992 4744 blz.
2021 4690 2136 4743 282.
