3526 5522
810 603 877 654 36
1851 601 2060 655 ANNO
2097 601 2225 652 1349

876 766 1247 825 Duodecimo,
1271 779 1376 831 per
1397 765 1463 815 30
1488 766 1628 824 dies,
1655 765 1863 829 quibus
1899 765 2111 817 debent
2133 765 2326 816 tacere
2350 777 2510 815 suam
2545 763 2945 828 penitentiam,
2972 762 3173 814 debent
3187 761 3237 813 ab

806 849 1076 900 vxoribus
1099 848 1413 905 continere,
1439 847 1611 899 etiam
1635 860 1835 899 earum
1857 860 2159 905 consensu,
2180 846 2416 897 minime
2440 845 2746 908 requisit03
2769 858 2899 896 cum
2917 848 3110 896 tamen
3130 843 3239 894 dicat

806 929 1097 995 apostolus
1123 929 1321 983 Primo
1344 926 1422 981 ad
1448 926 1798 981 chorinthios
1821 928 1879 978 7⁰
1901 925 1976 993 (1)
1996 949 2009 978 ε
2038 947 2064 969 ι
2092 927 2287 980 Nolite
2310 927 2559 979 inuicem
2582 927 2874 989 fraudare,
2894 926 3008 977 nisi
3031 927 3170 978 torte
3187 937 3238 975 ex

802 1025 1084 1064 consensu
1113 1011 1185 1063 ad
1209 1014 1454 1076 tempus,
1482 1012 1546 1062 ut
1570 1012 1783 1061 vacetis
1811 1010 2081 1074 orationi.
2104 1032 2131 1054 ιι

872 1093 1076 1145 Tercio
1112 1093 1357 1155 decime,
1394 1093 1656 1144 nituntur
1691 1092 1898 1155 vbique
1932 1091 2141 1143 Iudeos
2177 1092 2458 1151 occidere,
2495 1091 2764 1155 putantes
2800 1090 2920 1141 Deo
2955 1089 3172 1153 placere
3194 1087 3238 1138 in

807 1175 1149 1227 exterminio
1173 1174 1502 1233 Iudeorum,
1530 1188 1643 1225 non
1671 1174 2038 1225 aduertentes
2062 1173 2229 1239 illud,
2255 1172 2524 1226 Psalmus
2544 1172 2611 1222 58
2634 1173 2707 1236 (2)
2734 1186 2747 1223 :
2780 1191 2806 1214 a
2832 1173 2989 1224 Deus
3029 1170 3238 1222 ostendit

807 1257 949 1308 mihi
970 1270 1145 1321 super
1167 1257 1428 1307 inimicos
1451 1270 1624 1317 meoS,
1651 1270 1723 1308 ne
1749 1256 1975 1307 occidas
2010 1270 2129 1307 eos.
2157 1278 2184 1301 n
2210 1254 2374 1313 Quod
2396 1256 2633 1306 verbum
2668 1267 2962 1318 exponens
2996 1252 3237 1318 Augusti-

809 1353 915 1391 nus
938 1339 1009 1390 de
1032 1338 1246 1397 IudeiS,
1273 1339 1522 1390 inimicis
1547 1338 1783 1402 Christi,
1803 1352 1917 1389 non
1943 1337 2288 1399 occidendiS,
2312 1338 2372 1387 in
2397 1337 2757 1402 expositione
2782 1336 2916 1399 dictj
2945 1334 3158 1399 psalmj,
3177 1333 3238 1383 sic

806 1422 1025 1484 inquit:
1056 1442 1081 1461 «-
1109 1422 1233 1471 Hoc
1268 1421 1339 1471 de
1373 1421 1565 1472 Iudeis
1598 1422 1791 1485 potest
1824 1418 2095 1486 intelligi.
2133 1419 2282 1470 Istos
2315 1418 2579 1470 inimicos
2603 1432 2783 1480 meos,
2810 1418 2906 1481 quj
2935 1431 3026 1469 me
3050 1416 3237 1467 occide-

806 1504 957 1559 runt,
1002 1502 1121 1553 noli
1166 1506 1228 1553 tu
1273 1503 1553 1553 occidere.
1600 1502 1832 1553 Maneat
1871 1516 2015 1567 gens
2054 1501 2365 1553 Iudeorum
2405 1502 2479 1563 (3)
2506 1523 2530 1544 n
2576 1500 2697 1551 Hec
2735 1499 2838 1563 ibj.
2881 1499 3066 1550 Huius
3108 1509 3238 1547 vnam

806 1597 1036 1635 causam
1055 1584 1309 1648 assignat
1325 1584 1538 1635 ibidem
1563 1596 1762 1646 quare,
1782 1582 2002 1634 scilicet
2026 1597 2139 1634 non
2165 1584 2298 1635 sunt
2315 1582 2609 1646 occidendi
2636 1595 2650 1631 τ
2673 1582 2963 1645 quoniam,
2984 1583 3050 1631 ut
3066 1578 3237 1636 subdit,

810 1666 1121 1729 necessarii
1165 1668 1298 1716 sunt
1337 1665 1703 1716 credentibus
1749 1665 2037 1730 gentibus·
2087 1665 2211 1716 Hoc
2251 1664 2457 1729 probat
2496 1664 2937 1727 consequenter,
2985 1672 3238 1727 exponens

811 1747 988 1798 alium
1022 1760 1250 1798 versum
1283 1746 1540 1798 eiusdem
1573 1745 1779 1811 psalmj
1819 1746 2147 1798 immediate
2172 1749 2528 1810 sequentem,
2555 1745 2650 1809 ubj
2686 1746 2768 1796 sic
2792 1746 2874 1796 ait
2899 1765 2911 1793 ι
2941 1765 2968 1786 κ
2995 1744 3239 1807 Disperge

811 1827 943 1881 illos
965 1830 1028 1880 in
1049 1828 1262 1880 virtute
1286 1829 1402 1879 tua.
1425 1850 1451 1874 n
1480 1849 1506 1870 a
1525 1828 1669 1894 Iam,
1693 1851 1719 1874 n·
1743 1828 1950 1892 inquit,
1980 1850 2005 1870 ··
2025 1830 2239 1879 tactum
2264 1830 2385 1879 est:
2421 1841 2528 1892 per
2566 1840 2764 1878 omnes
2788 1828 2991 1892 gentes
3033 1822 3238 1889 dispersi

811 1912 946 1962 sunt
969 1910 1150 1975 1udej,
1190 1911 1367 1962 testes
1399 1909 1722 1973 iniquitatis
1758 1923 1861 1962 sue
1886 1912 1946 1962 et
1977 1909 2236 1961 veritatis
2276 1913 2492 1962 nostre.
2527 1909 2647 1974 Ipsi
2676 1908 2891 1960 habent
2923 1908 3157 1966 codices,
3187 1904 3240 1955 de

813 1992 1012 2056 quibus
1045 1991 1420 2056 prophetatus
1462 1995 1552 2043 est
1589 1992 1869 2058 Christus,
1908 1993 1967 2044 et
2001 2006 2105 2042 nos
2145 1993 2406 2044 tenemus
2451 1991 2758 2043 Christum.
2797 1990 2871 2041 Et
2904 1990 2954 2041 si
2986 1991 3132 2041 torte
3162 1986 3241 2038 sli-

812 2074 1038 2137 quando
1075 2073 1281 2136 aliquis
1313 2087 1571 2139 paganus
1608 2074 1978 2132 dubitauerit,
2000 2088 2131 2125 cum
2154 2075 2206 2138 ej
2235 2074 2549 2125 dixerimus
2573 2072 2908 2138 prophetias
2931 2072 3002 2123 de
3027 2071 3241 2132 Christo,

814 2169 1053 2219 quarum
1089 2156 1438 2206 euidentiam
1473 2156 1844 2220 obstupescit,
1870 2159 1929 2208 et
1953 2156 2241 2207 admirans
2273 2156 2566 2220 putauerit
2587 2169 2622 2206 a
2644 2154 2808 2205 nobis
2832 2168 2958 2206 esse
2989 2152 3241 2214 conscrip-

813 2241 922 2301 tas,
964 2238 1036 2289 de
1076 2237 1366 2288 codicibus
1400 2237 1704 2289 Iudeorum
1734 2239 2063 2302 probamus,
2102 2238 2235 2301 quia
2274 2237 2383 2288 hoc
2418 2238 2574 2289 tanto
2615 2238 2747 2287 ante
2781 2237 3097 2300 predictum
3144 2235 3233 2284 est.

814 2317 1018 2368 Videte
1058 2318 1535 2380 quemadmodum
1576 2318 1646 2368 de
1685 2318 1935 2369 inimicis
1971 2319 2177 2371 vestris
2218 2322 2447 2369 nostros
2487 2313 2888 2368 contundimus
2926 2316 3189 2366 inimicos.
3219 2333 3240 2356 ο

813 2397 936 2450 Hec
969 2399 1345 2464 Augustinus.
1382 2399 1510 2450 Non
1547 2400 1855 2451 aduertunt
1888 2401 2061 2451 etiam
2092 2400 2333 2465 predictj
2372 2398 2808 2464 Flagellatores‚
2843 2398 3049 2450 Iudeos
3081 2399 3240 2449 exter·

814 2481 1036 2531 minare
1062 2480 1339 2544 volentes,
1366 2480 1612 2543 qualiter
1639 2481 1898 2533 Ecclesia
1931 2481 2212 2533 catholica
2235 2482 2419 2533 credit
2442 2481 2648 2533 Iudeos
2671 2480 2742 2531 ad
2768 2481 3054 2532 Christum
3075 2480 3131 2529 in
3151 2477 3244 2527 fine

814 2561 995 2614 seculi
1039 2562 1479 2625 conuertendos‚
1524 2563 1685 2614 iuxta
1721 2562 1867 2614 illud
1903 2562 2148 2629 apostoli
2186 2562 2277 2614 Ad
2305 2564 2586 2616 Romanos
2628 2562 2683 2611 11
2729 2560 2846 2629 (4):
2891 2581 2918 2603 ι
2945 2561 3154 2614 cecitas
3187 2570 3244 2609 ex

813 2645 980 2709 parte
1004 2644 1251 2709 contigit
1272 2644 1332 2694 in
1355 2643 1557 2703 Israel,
1586 2645 1768 2697 donec
1788 2643 2087 2709 plenitudo
2115 2646 2374 2711 gentium
2398 2645 2659 2706 intraret,
2686 2645 2746 2695 et
2767 2644 2852 2695 sic
2876 2643 3057 2695 omnis
3089 2636 3246 2693 Israel

813 2725 1007 2778 saluus
1042 2726 1226 2779 fleret.
1249 2748 1275 2773 n
1311 2726 1421 2778 Vbi
1456 2725 1620 2792 glosa
1644 2743 1656 2776 :
1694 2746 1720 2770 α
1746 2735 1797 2780 et
1820 2729 1920 2793 sic,
1943 2728 2006 2792 jd
2029 2728 2119 2779 est
2142 2728 2442 2793 postquam
2465 2727 2774 2779 intrauerit
2806 2725 3100 2792 plenitudo
3129 2735 3247 2790 gen-

813 2810 958 2860 tium
981 2809 1164 2859 omnis
1188 2808 1392 2873 Israel,
1412 2810 1743 2873 predicante
1763 2809 1951 2875 Helya
1968 2811 2027 2861 et
2043 2809 2262 2870 Enoch,
2284 2809 2477 2861 saluus
2497 2811 2663 2861 fleret
2686 2807 2991 2861 emulando
3008 2808 3206 2874 gentes.
3223 2824 3245 2847 ι

814 2892 899 2943 De
945 2890 1054 2941 hoc
1096 2890 1355 2954 loquens,
1401 2890 1593 2957 Hugo,
1635 2891 1785 2943 libro
1826 2893 1859 2941 2
1900 2891 1981 2943 De
2020 2889 2525 2958 sacvffiamentorum
2570 2882 2969 2957 institutioneL
3015 2902 3132 2954 par.
3181 2885 3245 2943 18·

816 2987 940 3037 cap.
978 2972 1012 3021 6
1029 2972 1120 3035 (5),
1159 2972 1243 3023 sic
1302 2972 1489 3036 inquit
1532 2986 1544 3022 :
1586 2992 1611 3015 a
1655 2974 1774 3025 Per·
1814 2973 2060 3032 Heliam,
2109 2986 2380 3039 magnum
2431 2972 2867 3035 mirabilemque
2920 2971 3248 3037 prophetam»

814 3054 1076 3119 exposita
1114 3054 1221 3118 sibj
1266 3052 1418 3120 lege,
1465 3054 1779 3105 nouissimo
1829 3057 2088 3120 tempore
2129 3057 2262 3106 ante
2302 3054 2595 3112 iudicium,
2636 3054 2846 3105 Iudeos
2890 3055 2950 3105 in
2991 3052 3253 3104 Christum

813 3150 1035 3195 verum,
1080 3137 1144 3201 jd
1187 3139 1275 3187 est
1312 3138 1373 3187 in
1415 3137 1705 3189 Christum
1745 3140 2024 3199 nostrum,
2067 3151 2193 3190 esse
2240 3139 2583 3198 credituros,
2620 3137 3056 3190 celeberrimum
3090 3134 3250 3188 estin

816 3218 1177 3270 sermonibus
1217 3218 1598 3282 cordibusque
1640 3219 1928 3284 fidelium3
1957 3244 1983 3267 η
2021 3221 2079 3273 et
2112 3219 2393 3283 intra(6):
2443 3241 2468 3264 a
2496 3219 2637 3271 Cum
2674 3221 2901 3272 venerit
2939 3216 3251 3284 exponendo

816 3300 1007 3366 legem
1031 3300 1430 3365 spiritualiter,
1452 3315 1620 3364 quam
1648 3316 1799 3354 nunc
1820 3302 1982 3367 Iudej
2010 3301 2321 3354 carnaliter
2343 3302 2589 3367 sapiunt,
2611 3303 2914 3354 conuertet
2932 3314 3027 3353 cor
3048 3302 3254 3365 patrum

819 3382 892 3433 ad
926 3380 1098 3432 filios.
1130 3380 1221 3433 Sic
1245 3382 1398 3433 enim
1422 3396 1522 3433 cor
1545 3385 1773 3448 patrum
1798 3384 1868 3435 ad
1892 3384 2043 3435 filios
2075 3386 2465 3445 conuertetur,
2491 3398 2621 3436 cum
2642 3383 3025 3450 intelligentia
3045 3383 3253 3447 patrum

815 3463 1162 3528 perducetur
1180 3465 1253 3515 ad
1276 3463 1720 3530 intelligentiam
1744 3465 2012 3526 filiorum,
2042 3467 2102 3518 et
2117 3479 2219 3517 cor
2236 3465 2484 3517 filiorum
2510 3467 2580 3518 ad
2603 3467 2796 3530 patres
2822 3479 3034 3528 eorum,
3063 3464 3190 3515 dum
3205 3462 3256 3512 in

817 3545 895 3601 id,
935 3545 1086 3607 quod
1121 3547 1427 3597 senserunt
1458 3545 1569 3611 illj,
1607 3548 1976 3599 consentiunt
2009 3548 2069 3600 et
2101 3548 2220 3612 isti.
2245 3569 2271 3593 .-
2297 3547 2423 3599 Hec
2446 3547 2634 3614 Hugo.
2671 3547 2904 3599 Vtinam
2926 3547 3014 3610 ist]
3047 3540 3258 3609 Flagel-

818 3625 1033 3677 latores
1079 3626 1226 3678 bene
1274 3627 1663 3688 aduerterent,
1716 3630 1866 3692 quod
1913 3630 1994 3682 ait
2036 3628 2366 3681 Bernardus
2402 3630 2475 3680 ,in
2523 3628 2778 3697 Epistola
2824 3629 2906 3681 ad
2952 3628 3259 3682 Har-icum.

818 3707 1305 3774 Mayuntinensem
1332 3708 1830 3778 archiepiscopum,
1857 3711 1944 3776 vbj
1971 3712 2274 3776 quemdam
2306 3711 2667 3778 religiosum,
2693 3711 2790 3775 qui
2818 3711 2944 3776 necj
2969 3709 3260 3761 Iudeorum

822 3792 1211 3851 consenserat,
1236 3790 1437 3855 pulcre
1466 3793 1769 3859 redarguit
1791 3794 1849 3844 in
1875 3794 2027 3844 hunc
2060 3794 2327 3845 modum:
2367 3814 2392 3835 ··
2413 3794 2619 3846 Nonne
2653 3793 2942 3857 copiosius
2964 3788 3262 3854 triumphat

818 3870 1078 3923 Ecclesia
1103 3873 1173 3924 de
1196 3871 1389 3924 Iudeis
1412 3887 1518 3938 per
1550 3874 1811 3939 singulos
1836 3875 1958 3927 dies
1982 3875 2076 3927 uel
2100 3876 2448 3927 conuincens
2474 3874 2567 3927 uel
2594 3876 2938 3926 conuertens
2961 3886 3074 3929 eos,
3104 3882 3260 3935 quam

816 3954 865 4004 si
889 3953 1066 4006 semel
1094 3956 1152 4005 et
1177 3953 1346 4005 simul
1371 3958 1735 4008 consumeret
1758 3971 1859 4009 eos
1884 3958 1943 4008 in
1979 3970 2080 4009 ore
2104 3957 2278 4023 gladij
2300 3959 2321 4007 ἵ
2346 3957 2636 4021 Numquid
2656 3957 2943 4008 incassum
2962 3952 3260 4005 constituta

886 4198 962 4262 (1)
997 4198 1027 4247 1
1064 4197 1154 4249 Ad
1190 4198 1505 4253 Corinthios
1535 4202 1587 4264 7,
1623 4202 1675 4252 5.

894 4278 967 4346 (2)
1007 4278 1368 4333 psalmorum
1400 4281 1485 4340 58,
1524 4283 1605 4335 12.

887 4362 960 4425 (3)
997 4361 1215 4427 Migne,
1241 4363 1366 4415 decl
1394 4365 1658 4426 XXXVI,
1685 4366 1805 4418 kol.
1830 4367 1948 4418 705.

887 4442 960 4506 (4)
995 4441 1087 4494 Ad
1120 4443 1404 4498 Romanos
1442 4447 1525 4511 11,
1559 4448 1737 4500 25-26.

885 4525 963 4672 {fg
994 4524 1092 4659 1132]
1094 4525 1323 4660 Jigne,
1350 4527 1477 4580 deel
1505 4528 1836 4590 CLXXVII,
1865 4530 1987 4583 kol.
2014 4530 2148 4582 598:
2175 4530 2276 4585 lib.
2303 4532 2355 4593 2,
2378 4544 2512 4597 pars
2537 4532 2621 4594 17,
2647 4545 2772 4597 cap.
2800 4527 2881 4581 16.

1072 4625 1091 4658 ι
1134 4623 1241 4659 em.
