3526 5522
838 543 933 597 138
1874 539 2081 594 ANNO
2118 538 2247 592 1483

837 710 1110 765 sonaliter
1163 709 1224 762 et
1270 707 1542 768 existens.
1590 721 1760 774 supra
1820 707 2120 760 introitum
2172 706 2334 759 chori
2378 705 2619 760 ecclesie
2664 705 3042 759 Tornacensis
3081 704 3243 759 locum

836 795 1066 860 quidem
1099 790 1414 859 vulgariter
1449 790 1662 842 dictum
1698 789 1750 843 le
1782 788 2037 850 lichenel,
2060 791 2216 843 inira
2237 790 2492 842 eamdem
2516 788 2817 842 ecclesiam
2842 788 3243 850 Tornacensem,

836 878 897 929 in
919 890 1031 943 quo
1054 875 1340 941 predicari
1359 873 1507 926 solet
1523 873 1758 924 verbum
1776 873 1905 932 Dei,
1924 872 2279 925 venerandus
2292 872 2555 924 dominus
2573 873 2630 924 et
2650 871 2928 939 magister
2947 872 3246 925 Franciscus

837 959 1125 1025 Dalousie,
1162 970 1322 1010 sacre
1355 958 1564 1024 pagine
1597 957 1909 1021 professor,
1947 956 2165 1007 ordinis
2198 956 2441 1008 fratrum
2480 954 2766 1007 minorum
2806 956 2869 1007 in
2906 954 3014 1007 hac
3049 955 3246 1007 civitate

837 1040 1204 1102 Tornacensi,
1231 1053 1304 1092 ex
1337 1042 1501 1104 parte
1535 1038 1942 1103 magistrorum
1973 1037 2251 1089 Anthonii
2287 1038 2563 1103 Duterne,
2586 1037 2786 1089 vicarii
2819 1037 3001 1103 patris
3032 1037 3248 1089 ministri

835 1123 1128 1191 provincie
1162 1122 1425 1182 Francie,
1448 1120 1482 1172 J
1489 1120 1732 1171 ohannis
1766 1118 2123 1177 Barbachon,
2151 1120 2403 1171 custodis
2425 1120 2685 1171 custodie
2708 1119 3036 1179 Normanie,
3060 1132 3247 1172 necnon

838 1207 1106 1267 custodis,
1145 1204 1408 1273 gardiani
1442 1205 1502 1256 et
1534 1203 1846 1255 conventus
1879 1203 2121 1254 fratrum
2155 1203 2440 1254 minorum
2475 1201 2925 1255 Tornacensium
2956 1202 3250 1255 commissus

838 1290 898 1340 et
933 1300 1039 1352 per
1081 1284 1439 1339 venerabiles
1479 1285 1538 1336 et
1580 1283 1924 1336 scientificos
1968 1283 2121 1335 viros
2160 1284 2419 1336 dominos
2450 1283 2838 1349 presidentem
2877 1285 2938 1337 et
2978 1281 3251 1350 capitulum

840 1371 991 1421 dicte
1024 1367 1266 1422 ecclesie
1302 1366 1680 1419 Tornacensis
1705 1366 1776 1418 ad
1800 1365 2036 1418 verbum
2058 1366 2167 1419 Dei
2191 1366 2598 1432 predicandum
2621 1367 2901 1419 admissus
2924 1369 2985 1421 et
3003 1367 3251 1432 receptus.

839 1453 1145 1516 insequens
1180 1451 1755 1516 appunctuamentum
1788 1462 1894 1514 per
1927 1449 2157 1501 eosdem
2187 1449 2448 1501 dominos
2482 1450 2553 1502 de
2592 1449 2842 1515 capitulo
2867 1463 3082 1502 necnon
3102 1454 3253 1500 custo-

843 1532 991 1593 dem,
1017 1530 1357 1596 gardianum
1392 1530 1450 1580 et
1483 1528 1825 1580 conventum
1857 1527 2245 1592 predictorum
2268 1528 2509 1579 tratrum
2534 1529 2820 1580 minorum
2846 1527 3255 1581 Tornacensium

843 1613 937 1665 die
970 1611 1300 1677 precedenti
1335 1612 1549 1662 iactum
1580 1611 1640 1662 et
1673 1610 1899 1669 initum,
1921 1610 2052 1674 post
2072 1610 2520 1675 predicationem
2542 1625 2648 1676 per
2671 1611 2935 1664 eumdem
2956 1611 3255 1678 magistrum

843 1694 1210 1748 Franciscum
1243 1693 1435 1756 hodie,
1472 1694 1531 1744 in
1564 1692 1823 1758 predicto
1858 1690 1984 1744 loco
2025 1690 2106 1745 du
2138 1690 2394 1757 lichenel,
2430 1694 2502 1746 ad
2541 1707 2743 1745 sonum
2784 1693 3090 1759 campanie.
3124 1705 3255 1744 more

843 1776 1011 1830 solito
1047 1776 1380 1828 solemniter
1421 1776 1629 1827 tactam
1668 1776 1730 1827 in
1771 1775 2070 1840 presencia
2107 1776 2341 1828 maximi
2379 1775 2577 1842 populi
2614 1777 2827 1829 ibidem
2867 1778 2939 1829 ad
2980 1776 3256 1843 predictam

843 1860 1290 1926 predicationem
1327 1857 1670 1911 audiendum
1703 1858 2062 1925 congregati,
2087 1858 2273 1911 causis
2308 1860 2367 1912 et
2400 1859 2603 1912 mediis
2634 1860 2772 1912 dicti
2796 1857 3257 1925 appunctuamenti

844 1944 1025 2008 priua,
1049 1944 1114 1993 ut
1145 1942 1523 2006 premittitur,
1549 1940 1762 1992 ibidem
1796 1939 2008 2005 populo
2044 1941 2320 2006 expositis
2355 1943 2414 1995 et
2445 1940 2767 1995 luculenter
2800 1941 3117 2006 declaratis,
3143 1939 3260 1993 illud

847 2026 908 2077 et
949 2025 1101 2076 idem
1149 2022 1746 2089 appunctuamentum,
1794 2022 1984 2075 verbis
2030 2022 2264 2075 Gallicis
2315 2025 2671 2091 conceptum,
2717 2025 2778 2076 in
2825 2024 3062 2089 quadam
3103 2021 3261 2090 papiri

849 2105 1054 2159 cedula
1100 2106 1465 2171 descriptum,
1513 2104 1725 2157 ibidem
1771 2105 1842 2157 de
1888 2105 2061 2158 verbo
2108 2106 2178 2158 ad
2224 2107 2459 2159 verbum
2505 2106 2621 2160 alta
2664 2108 2723 2160 et
2766 2105 3115 2174 intelligibili
3154 2116 3261 2155 voce

849 2188 1119 2255 perlegit,
1144 2188 1206 2240 in
1229 2188 1459 2240 modum
1483 2186 1582 2251 qui
1605 2187 1866 2252 sequitur
1890 2199 1906 2239 ε

920 2304 1073 2358 Pom·
1095 2306 1400 2372 αρραίεἰσν,
1427 2318 1573 2364 em„
1597 2310 1674 2357 tot
1693 2318 1811 2358 aan
1828 2320 1845 2355 .·
1866 2310 2007 2358 estre
2026 2306 2358 2371 concensu).

920 2416 1135 2476 Quibus
1171 2416 1468 2483 premissis
1502 2416 1766 2469 omnibus
1799 2419 1858 2469 et
1890 2417 2152 2484 singuliS,
2189 2419 2271 2470 sic
2310 2420 2374 2471 ut
2407 2419 2800 2485 prescribitur,
2835 2418 3001 2472 iactis
3041 2419 3099 2471 et
3131 2417 3261 2471 actis,

853 2500 1126 2565 providus
1152 2500 1212 2551 et
1247 2499 1525 2551 discretus
1558 2498 1646 2551 vir
1678 2498 1972 2553 Johannes
2010 2501 2281 2566 Becquet,
2306 2501 2575 2565 tanquam
2606 2503 2945 2566 procurator
2974 2515 3040 2553 ac
3074 2501 3265 2553 nomine

855 2582 1135 2633 dictorum
1171 2580 1532 2632 dominorum
1567 2581 1638 2633 de
1671 2580 1941 2647 capitulo,
1965 2582 2135 2647 petiit
2165 2582 2448 2635 instanter
2470 2584 2530 2636 et
2551 2583 2897 2650 significavit
2919 2583 3028 2635 sibi
3052 2584 3108 2636 et
3129 2581 3266 2633 dictis

857 2664 1100 2716 dominis
1137 2664 1207 2716 de
1241 2662 1512 2730 capitu10,
1537 2663 1656 2715 suis
1689 2664 2003 2731 magistris,
2027 2665 2156 2717 fleri
2180 2667 2350 2729 atque
2372 2666 2522 2718 tradi
2547 2666 2987 2719 instrumentum
3008 2664 3263 2731 publicum

857 2761 1034 2801 unum
1049 2747 1139 2801 vel
1164 2745 1329 2813 plura
1352 2759 1457 2813 per
1480 2759 1584 2798 nos
1608 2746 1862 2799 notarios
1884 2746 2143 2813 publicos
2167 2748 2538 2815 subscriptos.

921 2832 1066 2883 Acta
1085 2832 1320 2883 fuerunt
1340 2829 1447 2882 hec
1468 2830 1529 2881 in
1552 2830 1853 2895 prenotato
1876 2829 2002 2882 loco
2025 2829 2104 2883 du
2132 2829 2367 2885 lichenel
2389 2834 2612 2898 pretate
2633 2832 2875 2886 ecclesie
2904 2830 3264 2888 Toruaeeus1s,

858 2928 1026 2974 anne,
1052 2913 1386 2971 indictione,
1411 2926 1629 2978 mense,
1657 2913 1751 2965 die
1784 2914 1845 2966 et
1878 2913 2023 2966 hora
2054 2915 2113 2966 et
2144 2915 2477 2979 pontificatu
2512 2915 2805 2981 predictis,
2841 2915 3189 2981 presentibus
3214 2911 3267 2964 ad

857 2996 968 3047 hoc
991 2994 1170 3047 nobili
1193 2995 1316 3045 viro
1339 2994 1566 3046 domino
1600 2994 1866 3048 Eustacio
1901 2996 2130 3062 Savary,
2163 2996 2346 3050 milite
2378 2997 2799 3051 locumtenente
2816 2998 2892 3063 (2)
2924 2997 3138 3051 baillivi
3158 2996 3265 3049 Tor-

859 3078 1120 3131 nacensis
1144 3079 1203 3129 et
1224 3077 1571 3137 Tornacesii‚
1598 3091 1820 3130 necnon
1854 3080 2106 3144 providis
2144 3081 2204 3132 et
2240 3080 2501 3133 discretis
2525 3082 2662 3133 viris
2695 3081 2941 3133 dominis
2966 3080 3188 3134 Nicolao
3206 3078 3265 3130 1ae

859 3160 1027 3225 Cocq,
1050 3159 1085 3211 J
1091 3159 1314 3211 ohanne
1349 3157 1743 3223 Plancquielli,
1770 3161 2122 3227 presbyteris
2162 3165 2488 3215 sanctorum
2520 3163 2846 3230 Margarete
2881 3165 2939 3215 et
2973 3163 3121 3216 Piati
3151 3161 3265 3214 Tor·

860 3243 1189 3295 nacensium
1211 3242 1489 3302 curatis,J
1495 3242 1717 3295 ohanne
1743 3243 2008 3304 Huberti,
2022 3245 2235 3296 decano
2261 3246 2694 3298 christianitatis
2714 3245 3265 3306 Tornacesii,Simone

860 3327 931 3377 de
954 3324 1206 3388 Reddes,
1225 3325 1378 3376 Luca
1399 3324 1479 3376 Le
1502 3324 1641 3389 Mol,
1659 3326 2031 3393 presbyteris,
2047 3327 2082 3379 J
2088 3327 2312 3380 ohanne
2338 3328 2574 3395 Orghet,
2596 3328 2846 3381 Antonio
2870 3328 3127 3392 Richart,
3142 3325 3266 3378 curie

864 3406 1242 3459 Tornacensis
1260 3407 1481 3458 notario
1501 3409 1559 3458 et
1576 3408 1921 3472 apparitore,
1947 3409 2008 3460 et
2024 3408 2323 3462 Willermo
2343 3408 2682 3463 Willebault
2705 3422 2770 3460 ac
2793 3408 3149 3476 amplissimis
3168 3404 3267 3459 aliis

864 3491 936 3542 ad
957 3489 1192 3542 verbum
1214 3490 1321 3541 Dei
1344 3489 1555 3540 ibidem
1578 3490 1967 3556 congregatis,
1992 3490 2233 3542 testibus
2257 3491 2326 3542 ad
2348 3490 2628 3556 premissa
2655 3490 2871 3543 vocatis
2904 3490 3210 3557 specialiter
3225 3487 3268 3538 et

862 3573 1106 3639 rogatis.

929 3687 1006 3739 Et
1036 3701 1166 3754 ego,
1204 3685 1341 3740 Osto
1385 3687 1455 3738 de
1497 3686 1679 3749 Atrio,
1716 3685 1959 3740 clericus
2000 3686 2382 3740 Tornacensis
2422 3688 2665 3742 diocesis
2702 3688 2966 3755 publicus
3006 3683 3271 3755 apostolica

867 3770 1204 3823 auctoritate
1227 3782 1294 3821 ac
1317 3767 1661 3821 venerabilis
1686 3771 1846 3822 curie
1871 3770 2211 3835 episcopalis
2237 3770 2615 3823 Tornacensis
2639 3772 2896 3823 notarius
2917 3772 3149 3838 juratus,
3170 3765 3270 3833 quia

869 3852 1128 3905 omnibus
1163 3850 1473 3917 premissis,
1502 3852 1635 3903 dum
1668 3853 1837 3904 modo
1871 3853 2189 3918 prescripto
2214 3854 2421 3906 flerent
2456 3855 2626 3918 atque
2660 3854 3007 3914 dicerentur,
3038 3866 3158 3906 cum
3185 3850 3268 3901 dis·

870 3938 1028 3989 creto
1051 3936 1173 3987 viro
1198 3934 1510 3986 Guillermo
1534 3933 1821 3995 Griaume,
1847 3936 2027 3987 eciam
2063 3937 2284 3988 notario
2320 3936 2658 4002 subscripto,
2684 3938 2744 3988 et
2774 3936 3016 3989 testibus
3036 3943 3269 4002 preanno·

875 4020 1028 4077 tatis,
1063 4016 1442 4083 personaliter
1479 4017 1716 4068 intertui
1755 4030 1935 4081 eaque
1974 4019 2057 4070 sic
2090 4018 2219 4070 fleri
2252 4019 2389 4079 vidi,
2424 4018 2564 4071 scivi
2597 4020 2657 4072 et
2690 4019 2901 4079 audivi,
2937 4019 3141 4071 idcirco
3169 4012 3269 4066 huic

874 4101 1128 4167 presenti
1163 4100 1559 4158 instrumento,
1595 4112 1767 4151 manu
1801 4099 1939 4151 dicti
1971 4100 2181 4152 notarii
2215 4101 2448 4167 scripte,
2483 4100 2710 4168 signum
2741 4115 2933 4154 meum
2966 4100 3269 4154 consuetum.

877 4183 1006 4250 [hac
1022 4181 1137 4250 me]
1157 4184 1393 4247 propria
1413 4195 1582 4233 manu
1606 4182 2017 4243 subscribente,
2045 4183 2282 4248 apposui
2304 4183 2364 4235 in
2389 4184 2559 4237 fldem
2583 4185 2643 4237 et
2664 4184 3049 4237 testimonium
3081 4178 3272 4250 premis·

879 4279 1091 4330 sorum,
1109 4264 1417 4328 requisitus
1439 4265 1657 4328 pariter
1680 4265 1740 4318 et
1761 4267 2016 4331 rogatus.
2753 4348 2826 4388 Du
2860 4333 3059 4387 Anno·

954 4557 1027 4627 (1)
1063 4560 1157 4611 Zie
1178 4559 1381 4620 boven,
1407 4573 1510 4610 ons
1533 4558 1666 4611 stult
1689 4568 1747 4611 n‘
1768 4558 1852 4618 98,
1876 4559 1983 4612 blz.
2009 4560 2246 4612 129-131.

954 4639 1028 4704 (2)
1062 4637 1135 4690 ot
1149 4637 1554 4692 locunuenenti.
