3526 5522
772 536 869 591 120
1711 538 1920 592 ANNO
1960 538 2104 600 1472,
2144 537 2271 590 1475

766 705 1078 762 merentur,
1120 702 1216 768 qui
1254 703 1579 768 superiores
1625 718 1760 756 suos
1811 717 2124 770 agnoscere
2180 705 2603 770 contempnunt,
2646 704 2860 757 idcirco
2908 717 3098 755 omnes
3139 703 3189 753 et

769 784 1024 853 singulas
1064 787 1278 853 gratias
1314 798 1417 851 per
1452 801 1556 838 nos
1591 786 1756 838 dictis
1791 787 1971 851 priori
2005 790 2065 838 et
2092 788 2395 839 conventui
2426 787 2756 839 monasterii
2780 785 3191 839 carmelitarum

768 869 1015 920 civitatis
1043 870 1235 920 nostre
1259 867 1590 921 Leodiensis
1620 867 1893 920 hactenus
1916 881 2212 920 concessas
2235 881 2407 933 super
2429 869 2765 921 audiendam
2796 869 3190 919 contessionem

769 954 829 1004 et
864 951 1295 1016 impendendam
1334 951 1754 1003 absolucionem
1796 951 1857 1002 in
1896 951 2119 1003 casibus
2161 950 2597 1017 episcopalibus,
2638 949 3115 1016 predicationibus
3144 950 3193 1001 et

770 1033 986 1097 questis
1041 1033 1331 1093 iaciendis,
1388 1033 1591 1084 divinis
1644 1031 1998 1083 celebrandis
2050 1035 2215 1084 extra
2272 1045 2469 1084 eorum
2526 1034 2934 1085 monasterium
2978 1032 3036 1083 in
3079 1029 3189 1082 aliis

769 1116 1148 1175 monasteriis,
1200 1114 1477 1173 ecclesiis,
1536 1114 1772 1180 capellis
1817 1116 1875 1167 et
1919 1114 2062 1166 locis
2118 1114 2361 1180 publicis
2417 1115 2660 1167 diocesis
2716 1118 2928 1177 nostre,
2986 1114 3187 1179 pretato

766 1197 1038 1264 magistro
1073 1196 1330 1250 Huberto
1365 1198 1424 1249 in
1457 1198 1531 1248 iis
1565 1198 1841 1249 duntaxat
1872 1199 2129 1262 excepto,
2165 1210 2468 1256 cassamus,
2494 1211 2826 1250 revocamus
2860 1199 2921 1250 et
2951 1193 3186 1249 annulla-

765 1294 909 1341 mus.
945 1282 1113 1344 atque
1147 1294 1252 1346 pro
1287 1280 1539 1339 cassatis,
1579 1280 1859 1331 revocatis
1894 1281 1953 1331 et
1985 1278 2295 1331 annullatis
2335 1279 2531 1333 haberi
2569 1279 2848 1338 volumus,
2885 1279 3187 1331 inhibentes

764 1361 924 1414 vobis
947 1363 1208 1414 omnibus
1230 1364 1291 1415 et
1311 1361 1555 1428 singulis
1579 1362 1937 1427 supradictis,
1972 1362 2075 1413 sub
2111 1362 2275 1427 penis
2310 1363 2697 1428 suspensionis
2721 1377 2756 1414 a
2778 1362 2983 1414 divinis
3006 1361 3187 1412 officiis

763 1447 823 1498 et
844 1445 1452 1497 excommunicacionis
1474 1444 1589 1496 late
1614 1445 1922 1502 sentencie,
1946 1458 2017 1496 ne
2042 1445 2168 1508 quis
2191 1447 2442 1497 vestrum
2464 1446 2521 1496 in
2549 1445 2825 1503 ecclesiis,
2846 1444 3187 1497 monasteriis

765 1526 853 1580 vel
895 1526 1128 1593 capellis
1168 1528 1286 1578 suis
1326 1527 1613 1593 predictos
1652 1527 1904 1591 priorem
1944 1528 2003 1579 et
2047 1528 2387 1579 conventum
2427 1529 2527 1579 aut
2571 1528 2893 1594 singulares
2937 1539 3189 1592 personas

767 1610 1023 1674 ejusdem
1078 1612 1388 1662 conventus
1444 1609 1517 1661 ad
1574 1609 1962 1661 confessiones
2019 1609 2347 1670 audiendas,
2405 1609 2830 1674 predicaciones
2877 1612 2937 1661 et
2978 1610 3191 1674 questus

767 1693 1030 1744 facienda
1064 1692 1161 1744 aut
1195 1705 1415 1756 queque
1457 1691 1649 1743 divina
1686 1689 2043 1750 celebranda,
2082 1691 2165 1743 eis
2198 1704 2302 1756 per
2338 1705 2439 1742 nos
2474 1690 2609 1743 olim
2645 1705 2925 1758 generose
2964 1690 3192 1742 indultas

769 1777 829 1827 et
867 1773 1104 1838 indulta,
1134 1774 1433 1827 admittere
1473 1775 1763 1839 presumat
1792 1796 1804 1825 ε
1848 1772 2099 1838 alioquin
2142 1787 2240 1824 vos
2276 1775 2334 1826 et
2366 1778 2617 1826 vestrum
2663 1774 2974 1838 quemlibet
3007 1774 3063 1825 in
3094 1773 3192 1824 hiis

769 1856 1014 1910 rebelles
1037 1859 1322 1923 pretaetas
1346 1870 1522 1922 penas
1546 1858 1604 1908 et
1626 1870 1896 1907 censuras
1920 1856 2042 1921 ipso
2068 1857 2217 1907 iacto
2241 1855 2498 1907 volumus
2521 1857 2835 1922 subjacere.

837 1939 903 1991 In
937 1953 1176 2003 quorum
1213 1939 1462 1990 omnium
1498 1938 1666 1990 fldem
1703 1940 1761 1989 et
1797 1939 2181 1990 testimonium
2216 1939 2622 2003 premissorum
2663 1941 2957 2004 presentes
2992 1938 3193 1990 litteras

769 2021 944 2088 sigilli
969 2023 1149 2075 nostri
1173 2022 1242 2073 ad
1268 2035 1466 2073 causas
1489 2021 1729 2072 fecimus
1753 2022 1812 2072 et
1832 2021 2100 2086 jussimus
2125 2022 2472 2085 appensione
2494 2022 2850 2073 communiri.

837 2104 1042 2156 Datum
1075 2103 1134 2155 in
1171 2104 1337 2168 opido
1374 2105 1567 2155 nostro
1605 2103 1980 2168 Traiectensi,
2006 2105 2109 2154 sub
2147 2115 2292 2153 anno
2330 2118 2364 2156 a
2397 2103 2693 2156 nativitate
2720 2103 2949 2155 Domini
2970 2117 3032 2156 u.
3056 2116 3190 2156 0000.

771 2200 966 2247 uim„
992 2186 1202 2239 mensis
1223 2186 1260 2239 J
1265 2184 1368 2237 ulii
1392 2186 1483 2237 die
1506 2187 1726 2249 quarta.

841 2269 934 2321 Sic
967 2269 1253 2335 signatum
1277 2269 1347 2320 de
1370 2267 1603 2333 speciali
1636 2269 1899 2320 mandato
1933 2269 2229 2320 reverend.
2256 2282 2311 2320 n.
2342 2267 2538 2327 Leod„
2573 2269 2934 2334 presentibus
2966 2267 3192 2320 dominis

772 2352 1006 2409 Vicat-10,
1031 2352 1343 2416 presidenti
1368 2352 1426 2402 et
1447 2349 1704 2416 pluribus
1730 2352 1800 2402 de
1823 2349 2066 2402 concilio
2093 2371 2106 2400 ι
2130 2351 2224 2404 J0.
2251 2350 2607 2419 Luvlncffss).

1296 2449 1535 2503 Collatio
1575 2451 1726 2502 tacta
1762 2451 1851 2501 est
1883 2449 1954 2502 de
1988 2451 2241 2515 presenti
2286 2451 2451 2515 copia
2489 2451 2560 2502 ad
2607 2449 2918 2517 originales
2958 2463 3119 2502 sanas
3148 2450 3197 2500 et

1360 2533 1632 2598 integras,
1692 2546 1821 2584 cum
1884 2532 2088 2596 quibus
2142 2533 2268 2598 ipsa
2321 2533 2632 2585 concordat
2686 2534 2808 2585 sine
2866 2543 3198 2597 quacumque

1361 2615 1774 2680 descrepantia‚
1786 2628 1890 2679 per
1913 2628 2021 2675 me,
2049 2614 2123 2665 G⁰
2147 2615 2217 2668 de
2244 2615 2483 2675 Sanctis,
2520 2615 2833 2681 apostolica
2854 2617 2915 2668 et
2934 2612 3200 2682 imperiali

1366 2697 1801 2749 auctoritatibus
1824 2697 2106 2748 notarium
2131 2696 2433 2761 publicum.

1300 2811 1673 2877 Koninklijke
1708 2812 2074 2864 Bibliotheek
2098 2815 2153 2865 te
2179 2812 2428 2872 Brussel‚
2456 2813 2570 2865 HS.
2596 2823 2656 2865 nr
2677 2813 2827 2873 9149,
2861 2812 3200 2866 handschriit

1368 2910 1438 2960 op
1473 2896 1671 2961 papier
1705 2893 1943 2961 geplakt
1976 2909 2046 2961 op
2082 2896 2182 2946 het
2215 2894 2419 2948 laatste
2451 2895 2583 2948 blad
2617 2911 2725 2948 van
2758 2897 2857 2949 het
2892 2897 3067 2949 derde
3090 2891 3198 2948 deel

1363 2991 1467 3028 van
1491 2976 1822 3029 Vincentius
1858 2975 2297 3028 Bellovacencis'
2334 2975 2623 3045 Speculum
2648 2976 2958 3037 historiale,
2987 2989 3198 3042 overge·

1358 3058 1630 3111 schreven
1656 3060 1798 3111 door
1829 3060 2082 3112 Laurent
2104 3059 2176 3111 de
2200 3059 2483 3124 Stavelot3
2509 3060 2817 3127 atgedrukt
2839 3061 2915 3125 bij
2944 3062 3029 3114 De
3051 3061 3196 3112 Ram.

1361 3143 1692 3194 Documents
1721 3140 1939 3211 relatifs
1969 3156 2090 3194 aux
2121 3140 2364 3194 troubles
2393 3142 2473 3194 du
2496 3158 2641 3210 pays
2662 3142 2732 3195 de
2756 3142 2937 3208 Ledae,
2961 3143 3065 3195 blz,
3087 3138 3194 3192 610-

1363 3222 1476 3274 612.
1495 3251 1561 3261 —
1576 3224 1673 3276 zie
1697 3223 1902 3289 eenige
1928 3223 2404 3287 biizonderheden
2428 3238 2565 3276 over
2587 3226 2760 3277 dezcn
2783 3225 3122 3290 inquisiteur
3139 3235 3198 3274 en

1364 3321 1498 3359 over
1531 3308 1674 3372 ziine
1710 3305 2239 3372 kettervervolging
2275 3309 2330 3358 te
2366 3306 2592 3361 Leuven
2628 3322 2698 3360 en
2736 3311 2791 3359 te
2828 3306 3014 3372 Nijvel
3047 3304 3201 3372 (1471-

1368 3389 1532 3452 1475),
1571 3387 1782 3458 Corpus
1817 3389 1863 3447 Ι,
1892 3397 1953 3440 nr
1975 3387 2089 3448 364,
2123 3386 2231 3439 blz.
2266 3388 2384 3452 443,
2410 3403 2479 3442 en
2504 3389 2580 3457 11,
2606 3399 2665 3442 n‘
2691 3389 2800 3451 163,
2836 3389 2943 3442 blz.
2970 3385 3194 3439 268-269.

1811 3618 1921 3685 87
1973 3617 2194 3700 (364⁰).

892 3826 1100 3899 1475,
1138 3816 1467 3886 Januari
1516 3824 1635 3896 20,
1679 3817 1916 3882 Rome.
1956 3816 2440 3896 Aanteekening
2473 3817 2582 3894 ⁸uit
2629 3815 2708 3877 de
2756 3816 3058 3894 registers
3102 3811 3197 3875 der

785 3920 1410 3984 Predikheerenorde
1443 3935 1596 3983 over
1629 3918 1706 3980 de
1731 3917 2115 3995 aanstelling
2146 3931 2270 3977 van
2319 3917 2591 3977 meester
2621 3916 2661 3975 J
2663 3913 2900 3977 acobus
2933 3914 3009 3976 de
3041 3915 3194 3975 Hon-

786 4020 1063 4100 dighem‚
1105 4017 1484 4097 predikheer
1515 4034 1639 4080 van
1672 4016 1783 4078 het
1815 4015 2107 4079 klooster
2137 4031 2264 4077 van
2294 4016 2584 4092 Ieperen‚
2630 4015 2730 4075 tot
2762 4009 3196 4091 onderinquisi·

783 4121 927 4182 teur
959 4120 1026 4181 in
1059 4119 1169 4180 het
1203 4117 1448 4180 bisdom
1482 4116 1871 4193 Terenburg.
1910 4148 1990 4161 —
2021 4117 2098 4176 In
2130 4113 2314 4192 geval
2347 4129 2474 4175 van
2506 4111 2925 4190 aiwezigheid
2949 4127 3073 4173 van
3096 4109 3198 4171 den

789 4217 1193 4295 algemeenen
1219 4217 1596 4294 inquisiteur
1622 4217 1771 4293 (van
1790 4212 2184 4290 Frankrin)‚
2207 4211 2502 4275 beschikt
2526 4210 2611 4288 hij
2642 4227 2795 4273 over
2821 4227 2973 4273 eene
2986 4205 3200 4289 gelijke

790 4315 1007 4378 maoht
1040 4317 1135 4377 als
1170 4315 1317 4376 deze
1347 4331 1427 4376 en
1460 4329 1613 4377 over
1646 4313 1756 4376 het
1789 4312 1972 4375 recht
2006 4328 2113 4376 om
2166 4327 2365 4373 eenen
2398 4310 2959 4389 plaatsvervanger
3006 4321 3121 4370 aan
3150 4305 3202 4363 te

865 4616 937 4684 (1)
975 4617 1056 4668 De
1080 4616 1226 4669 Ram
1248 4615 1394 4667 leest
1413 4615 1499 4669 J0.
1525 4616 1689 4682 Lupi.
