3526 5522
679 571 712 620 s
1621 574 1830 628 ANNO
1868 576 2014 642 1323,
2053 577 2179 628 1327

745 738 951 790 Datum
989 739 1296 798 Avenione‚
1334 740 1448 805 viij.
1487 739 1615 793 Kal.
1660 741 1990 795 Decembris
2025 742 2386 808 pontificatus
2423 744 2605 795 nostri
2645 757 2792 796 anno
2827 745 2988 797 sexto
3014 743 3121 812 (1).

743 885 890 937 Item
932 900 1037 951 per
1080 887 1300 952 copiam
1341 887 1632 940 decretum
1677 889 1925 941 edictum
1968 902 2074 955 per
2112 890 2490 942 reverendum
2528 891 2748 956 patrem
2790 891 3123 956 episcopum

683 968 1115 1020 Atrebatensem
1142 984 1155 1020 :

747 1051 865 1103 Nos
898 1052 1089 1115 itaque
1128 1052 1480 1106 decrevimus
1522 1055 1582 1106 et
1622 1054 1981 1106 decernimus
2025 1053 2298 1107 mulieres
2340 1054 2667 1120 hujusmodi
2705 1055 3123 1121 permittendas

681 1147 806 1185 esse
840 1145 943 1198 per
978 1148 1079 1184 nos
1111 1136 1276 1199 juxta
1306 1137 1536 1187 modum
1571 1137 1630 1187 et
1661 1136 1836 1188 ritum
1869 1151 1975 1202 per
2010 1151 2108 1188 eas
2142 1136 2415 1189 hactenus
2439 1140 2498 1189 et
2521 1138 2733 1189 diutius
2758 1138 3125 1190 observatum

680 1229 785 1267 nec
822 1215 1202 1268 molestandas
1242 1231 1367 1269 esse
1408 1232 1512 1270 nec
1553 1218 1963 1283 permittendas
2004 1233 2129 1270 esse
2170 1219 2464 1272 molestari
2504 1220 2563 1272 in
2614 1221 2872 1285 personis
2919 1223 3015 1272 aut
3052 1220 3122 1272 in

679 1297 843 1349 bonis
877 1300 1173 1351 occasione
1206 1299 1609 1364 prohibitionis
1645 1302 1703 1352 et
1738 1300 2114 1352 absolutionis
2149 1301 2495 1367 hujusmodi,
2531 1316 2825 1367 quousque
2859 1303 2931 1355 de
2963 1305 3122 1355 statu

681 1392 875 1431 earum
914 1381 1090 1432 tuerit
1129 1380 1298 1433 aliter
1335 1395 1440 1447 per
1479 1383 1671 1434 sedem
1712 1382 2084 1447 apostolicam
2125 1385 2468 1443 ordinatum.
2511 1398 2576 1436 ac
2616 1383 3029 1445 molestatores,
3064 1386 3126 1436 si

680 1462 777 1524 qui
815 1462 1047 1521 tuerint,
1089 1476 1193 1527 per
1230 1478 1331 1515 nos
1371 1477 1477 1529 per
1518 1477 1816 1517 censuram
1859 1465 2319 1524 ecclesiasticam,
2364 1466 2745 1532 appellatione
2781 1467 3119 1533 postposita,

682 1546 1119 1608 compescendos
1142 1560 1268 1597 esse
1299 1547 1465 1611 juxta
1488 1547 1925 1612 apostolicarum
1951 1547 2272 1600 litterarum
2295 1551 2571 1601 tenorem.

747 1625 953 1677 Datum
977 1641 1122 1678 anno
1148 1628 1378 1679 Domini
1402 1638 1482 1679 m0
1505 1638 1627 1681 ccc⁰
1648 1630 1917 1683 vicesimo
1936 1631 2127 1690 tertio,
2153 1632 2300 1682 teria
2322 1632 2502 1684 tercia
2522 1632 2654 1697 post
2675 1633 3123 1697 assumptionem

683 1706 847 1759 beate
872 1708 1051 1760 Max-ie
1080 1711 1337 1776 virginit-1.

746 1855 1127 1924 Supscriptum
1167 1872 1185 1909 :
1226 1858 1580 1911 Mencionem
1617 1875 1631 1911 :
1676 1879 1701 1901 ιι
1729 1857 2003 1911 Volumus
2049 1862 2259 1922 autem,
2318 1863 2468 1925 quod
2514 1863 2798 1929 predictas
2841 1862 3117 1916 mulieres

682 1940 897 1990 attente
936 1941 995 1990 et
1036 1942 1296 1993 accurate
1337 1955 1671 2007 premoneas
1707 1943 1904 2007 eisque
1939 1943 2183 1996 discrete
2225 1946 2529 2011 precipias,
2575 1959 2647 1998 ne
2689 1946 2760 1998 de
2797 1946 3126 2012 hujusmodi

686 2021 1161 2085 disputationibus
1184 2025 1384 2074 contra
1405 2023 1730 2089 hujusmodi
1757 2048 1783 2070 n
1815 2024 1883 2090 (2)
1907 2026 2303 2090 approbamus.

750 2104 958 2156 Datum
982 2105 1257 2170 utsupra.

1203 2221 1438 2274 Archiet
1470 2235 1576 2273 van
1611 2222 1710 2275 het
1745 2224 2403 2291 Noorderdepartement
2436 2227 2493 2278 te
2527 2225 2732 2291 RiJsel,
2771 2225 2991 2294 Abbaye
3023 2225 3126 2280 des

1270 2306 1433 2367 Prde,
1470 2310 1666 2360 carten
1701 2308 1751 2366 5,
1790 2308 2049 2360 atschritt
2081 2324 2189 2363 van
2224 2312 2334 2363 den
2358 2311 2481 2378 tud,
2511 2310 2599 2362 los
2622 2311 2756 2362 stuk
2779 2314 2897 2362 met
2916 2310 3126 2375 brokje

1251 2403 1373 2440 -van
1410 2390 1733 2457 athangend
1769 2391 1946 2457 zegel.
1973 2419 2041 2430 —
2063 2392 2130 2444 In
2173 2393 2300 2444 1477
2339 2394 2494 2445 werd
2529 2394 2629 2447 het
2670 2392 2977 2460 Begiinhot
3013 2407 3124 2445 van

1271 2470 1615 2536 Champflori
1656 2474 1711 2523 te
1751 2473 1985 2525 Dowaai
2018 2476 2135 2526 met
2168 2475 2238 2526 de
2273 2473 2494 2542 Abbaye
2529 2475 2623 2527 def
2658 2474 2800 2527 Pres
2836 2475 3125 2528 derzeltde

1266 2554 1391 2606 stad
1414 2555 1722 2621 vereenigd
1758 2568 1828 2606 en
1865 2556 1935 2607 de
1971 2556 2270 2609 archieven
2307 2558 2409 2609 der
2442 2560 2588 2609 twee
2623 2556 2907 2610 kloosters
2928 2558 3124 2610 ineen-

1268 2636 1606 2702 gesmolten.
1653 2636 1770 2689 Ons
1817 2639 1950 2690 stuk
1993 2639 2043 2688 is
2091 2639 2400 2707 atkomstig
2443 2639 2531 2691 uit
2585 2641 2689 2692 het
2745 2640 2963 2693 archiet
3016 2653 3128 2692 van

1273 2718 1372 2772 het
1397 2719 1703 2787 Begiinhot
1736 2719 1931 2772 aldaar
1955 2734 2024 2773 en
2050 2721 2208 2774 heett
2230 2735 2296 2774 er
2317 2722 2630 2789 natuurlijk
2659 2723 3009 2789 betrekking
3031 2737 3128 2788 op,

1273 2802 1550 2855 alhoewel
1607 2803 1679 2856 de
1724 2803 2168 2871 medegedeelde
2211 2805 2359 2857 brok
2400 2806 2502 2858 het
2544 2807 2665 2858 niet
2708 2805 3130 2871 uitdrukkelijk

1274 2885 1533 2937 inhoudt.

1715 3089 1815 3154 11
1875 3081 2091 3170 (178⁶).

795 3288 1004 3361 1327,
1036 3282 1453 3361 November,
1492 3284 1592 3350 St.
1638 3283 2269 3373 Winnoksberyen.
2311 3289 2486 3351 Bries
2517 3306 2644 3351 van
2686 3293 2769 3353 16
2820 3291 3127 3354 Februari

697 3387 907 3460 1329,
948 3384 1195 3462 gericht
1227 3386 1386 3449 door
1417 3388 1456 3448 J
1458 3403 1542 3448 an
1588 3388 1772 3462 Laia,
1828 3387 2034 3450 deken
2084 3405 2206 3449 van
2259 3390 2353 3450 St.
2385 3387 2969 3468 Winnoksbergen,
3024 3392 3130 3454 tot

686 3484 810 3546 den
843 3484 1273 3547 commissaris
1323 3485 1483 3549 door
1515 3484 1840 3549 Robrecht
1873 3503 1998 3549 van
2048 3488 2263 3550 cassel
2314 3488 2710 3566 aangesteld,
2768 3490 3018 3551 waarin
3050 3489 3132 3551 de

686 3582 1104 3663 verbittering
1136 3601 1261 3646 van
1295 3584 1415 3646 den
1448 3583 1662 3646 Retter
1691 3585 1890 3648 Jacob
1926 3589 2088 3663 Peyt
2122 3620 2203 3632 —
2238 3603 2353 3647 een
2388 3586 2501 3648 der
2538 3587 2962 3650 aanvoerders
3002 3603 3134 3650 van

686 3682 808 3744 den
860 3681 1131 3761 opstand
1184 3701 1309 3746 van
1368 3687 1396 3744 1
1411 3685 1624 3746 3254
1640 3686 1779 3747 328
1825 3719 1904 3730 —
1962 3686 2147 3764 tegen
2208 3683 2284 3746 de
2335 3685 2814 3764 geestelijkheid
2863 3686 3132 3750 treffeud

683 3780 898 3845 wordt
933 3781 1420 3861 aigeschilderd.

747 3919 799 3972 A
814 3934 974 3983 vous,
1005 3920 1121 3971 tres
1141 3920 1301 3973 chier
1319 3920 1615 3986 singneur.
1641 3921 2030 3999 commissaire
2049 3924 2257 3988 depute
2277 3924 2346 3976 dc
2363 3937 2468 3990 par
2488 3923 2894 3989 Monseigneur
2910 3923 3136 3978 Robert

686 4003 756 4055 de
778 4002 1044 4061 Flandre,
1071 4003 1346 4068 singneur
1363 4004 1434 4054 de
1455 4002 1665 4068 GasseI,
1690 4018 1750 4055 as
1768 4003 2012 4068 plaintes
2030 4008 2089 4057 et
2106 4019 2168 4057 as
2187 4006 2589 4072 supplications
2608 4006 2677 4057 de
2702 4007 2898 4058 chiaus
2917 4008 3014 4071 qui
3031 4012 3136 4062 ont

684 4086 920 4138 souffert
953 4086 1243 4152 damages,
1279 4086 1462 4152 griesz
1487 4089 1546 4138 et
1568 4086 1744 4152 perils
1780 4101 1926 4152 pour
1965 4088 2021 4141 le
2061 4088 2252 4140 raison
2293 4089 2392 4141 des
2433 4090 2716 4141 esmeutes
2752 4090 2822 4141 de
2857 4088 3128 4153 Flandre,

751 4282 826 4348 (1)
859 4284 954 4334 Zie
999 4296 1143 4335 eene
1187 4283 1526 4350 verkorting
1572 4284 1696 4335 dier
1734 4283 1833 4334 bul
1879 4298 1986 4335 van
2027 4285 2321 4337 Johannes
2361 4286 2530 4340 XXII
2570 4302 2675 4340 aan
2719 4290 2827 4342 den
2868 4290 3131 4356 bisschop

687 4379 796 4417 van
815 4365 1053 4418 Atrecht
1077 4363 1377 4433 (Avignon,
1402 4367 1465 4417 24
1492 4367 1814 4419 November
1838 4367 1988 4434 1321)
2011 4368 2071 4418 in
2099 4365 2307 4435 Corpus
2330 4368 2405 4428 ΙΙ,
2433 4379 2492 4421 nr
2517 4370 2603 4436 49,
2627 4371 2735 4424 blz.
2760 4372 2820 4423 81

753 4447 828 4512 (2)
863 4447 962 4499 Dit
985 4449 1096 4512 zijn
1119 4449 1190 4501 de
1208 4451 1395 4502 eerste
1418 4449 1609 4516 regels
1626 4463 1734 4502 van
1756 4449 1827 4501 de
1846 4450 2264 4516 slotparagraai'
2281 4451 2385 4504 der
2403 4452 2500 4503 bul
2519 4467 2626 4505 van
2648 4454 2685 4507 J
2689 4455 2941 4509 ohannes
2963 4458 3133 4512 XXII

687 4543 793 4582 aan
829 4530 939 4582 den
971 4530 1385 4584 Atrechtschen
1419 4532 1684 4597 bisschop
1720 4530 1809 4595 (24
1842 4532 1894 4584 N
1898 4546 1984 4584 ov.
2023 4531 2194 4597 1321),
2237 4533 2329 4586 die
2364 4534 2493 4587 hier
2527 4536 2669 4588 door
2703 4538 2834 4590 dien
2865 4540 3130 4608 bisschop

699 4612 979 4669 herhaald
1003 4615 1251 4665 worden.
