3526 5522
1364 548 1469 600 AN
1473 548 1574 602 No
1613 547 1741 599 1349
2719 551 2786 605 37

310 716 397 769 est
425 713 533 767 illa
570 712 923 767 Vniuersalis
957 711 1139 764 oratio
1181 710 1460 773 Ecclesie‚
1506 725 1617 776 que
1658 713 1899 764 offertur
1931 727 2038 778 pro
2072 714 2309 779 perfidis
2340 714 2533 767 Iudeis
2577 728 2610 766 a
2649 714 2786 767 solis

309 799 436 849 ortu
473 810 665 861 usque
707 797 781 848 ad
822 808 1105 855 occasum,
1142 795 1206 845 ut
1252 795 1407 846 Deus
1449 796 1509 846 et
1547 795 1825 847 Dominus
1862 797 2085 847 auferat
2118 795 2377 848 velamen
2414 798 2485 849 de
2520 797 2786 848 cordibus

307 892 525 939 eorum,
565 880 634 930 ut
666 880 741 930 ad
774 877 970 929 lumen
1004 876 1265 928 veritatis
1302 876 1372 927 de
1411 877 1530 927 suis
1566 876 1820 928 tenebris
1856 879 2165 929 eruantur?
2200 878 2325 929 Nisi
2351 880 2503 930 enim
2541 893 2661 938 eos,
2687 880 2782 943 quj

308 959 591 1025 increduli
621 961 779 1023 sunt,
804 959 1127 1011 credituros
1151 960 1432 1022 speraret,
1471 958 1824 1021 superfluum
1861 958 2156 1010 videretur
2180 960 2239 1011 et
2261 973 2467 1011 vanum
2492 973 2657 1012 orare
2682 974 2787 1025 pro

309 1043 409 1095 eis.
445 1041 563 1093 Sed
603 1041 1007 1093 considerabat
1041 1040 1205 1091 oculo
1243 1039 1501 1104 pietatis,
1539 1039 1691 1102 quod
1726 1040 2004 1092 Dominus
2039 1040 2212 1092 habet
2243 1043 2568 1105 respectum
2600 1043 2787 1108 gratie

310 1124 457 1189 apud
480 1137 644 1187 eum,
670 1123 766 1187 quj
794 1122 985 1174 reddit
1016 1122 1169 1172 bona
1200 1134 1306 1185 pro
1340 1122 1508 1171 malis
1543 1123 1603 1172 et
1637 1119 2004 1172 dilectionem
2037 1136 2143 1185 pro
2177 1123 2328 1173 odio.
2365 1122 2469 1187 Vbj
2507 1125 2595 1174 est
2626 1137 2785 1190 ergo,

310 1206 458 1269 quod
492 1206 721 1256 dictum
761 1205 851 1256 est
889 1203 1123 1255 Iudeis:
1170 1222 1195 1245 a
1223 1204 1310 1254 Ne
1352 1203 1576 1253 occidas
1617 1216 1717 1254 eos
1740 1204 1814 1267 (l)
1842 1205 1904 1253 n?
1944 1204 2033 1268 vbj
2080 1205 2208 1254 est:
2256 1223 2281 1246 α
2309 1204 2449 1255 Cum
2489 1203 2786 1269 plenitudo

309 1286 570 1351 gentium
609 1285 941 1343 intrauerit,
977 1287 1115 1335 tunc
1150 1284 1334 1335 omnis
1368 1282 1551 1335 Israel
1586 1283 1780 1334 saluus
1815 1284 2007 1347 flet(2)
2035 1286 2095 1335 n?
2129 1284 2223 1336 vbi
2256 1287 2345 1336 est
2383 1306 2395 1333 ε
2436 1305 2461 1327 a
2499 1285 2787 1337 Edificans

306 1366 670 1419 Hierusalem
712 1362 1010 1430 Dominus,
1053 1366 1441 1429 dispersiones
1481 1364 1716 1417 Israelis
1759 1366 2233 1431 congregabit(3)
2259 1368 2322 1418 n?
2363 1366 2449 1418 Tu
2491 1380 2628 1419 esne
2662 1367 2783 1428 ille,

310 1450 399 1513 quj
452 1449 771 1500 mendaces
817 1449 994 1499 facies
1039 1447 1351 1512 prophetas
1397 1447 1456 1498 et
1500 1447 1806 1498 euacuabis
1859 1462 2055 1500 omnes
2104 1449 2404 1500 thesauros
2447 1449 2678 1513 pietatis
2724 1452 2784 1500 et

308 1532 711 1583 misericordie
757 1529 930 1582 Ihesu
980 1528 1229 1581 Christi?
1252 1529 1325 1593 (4)
1355 1553 1379 1574 s·
1418 1528 1540 1580 Hec
1580 1529 1926 1581 Bernartius.
1973 1529 2034 1581 Si
2072 1531 2315 1595 predicti
2364 1529 2778 1596 Flagellatores

308 1611 417 1664 ista
463 1612 787 1679 diligenter
832 1612 1219 1673 aduerterent,
1280 1625 1392 1662 non
1449 1612 1720 1675 putarent
1765 1625 1829 1662 se
1889 1612 2011 1662 Deo
2058 1612 2288 1676 placere
2332 1613 2393 1662 in
2440 1613 2782 1663 exterminio

311 1694 645 1746 Iudeorum.
692 1695 907 1745 Verum
940 1695 1029 1745 est
1063 1695 1274 1751 autem,
1313 1693 1464 1755 quod
1499 1692 1684 1744 adhuc
1718 1696 1809 1744 est
1841 1706 1953 1743 vna
1990 1707 2182 1750 causa,
2225 1707 2403 1756 quare
2442 1692 2641 1745 volunt
2682 1708 2780 1746 eos

313 1778 581 1828 occidere
604 1792 619 1826 z
648 1777 952 1840 imponunt
973 1775 1125 1827 enim
1149 1776 1255 1833 eiS,
1282 1775 1434 1838 quod
1460 1773 1629 1825 huius
1652 1788 1860 1839 magne
1882 1774 2269 1835 mortalitatiS,
2296 1789 2407 1839 que
2429 1776 2646 1839 incepit
2668 1776 2781 1826 iam

314 1861 442 1909 sunt
475 1861 603 1910 tres
639 1858 774 1922 annj
812 1859 872 1910 et
906 1856 1150 1921 amplius
1187 1857 1246 1907 et
1280 1856 1466 1907 adhuc
1499 1857 1659 1922 viget
1690 1856 1752 1906 in
1788 1855 2079 1907 nonnullis
2113 1857 2393 1921 partibus,
2418 1858 2530 1923 ipsi
2565 1858 2780 1908 suntin

313 1953 500 1992 causa.
546 1940 764 1991 Dicunt
802 1940 977 2000 enim,
1026 1939 1180 2002 quod
1226 1951 1449 2002 aquam,
1498 1938 1646 1988 vnde
1689 1939 1939 1988 maxima
1982 1952 2117 2003 pars
2163 1938 2394 2003 humanj
2443 1939 2781 1990 nutrimenti

314 2022 623 2086 dependet,
672 2021 998 2073 infecerunt
1040 2021 1101 2071 in
1145 2021 1335 2071 fontes
1393 2021 1451 2071 et
1500 2025 1704 2083 puteos
1754 2020 2089 2084 proiciendo
2141 2034 2378 2078 venena,
2429 2034 2534 2072 nec
2582 2020 2782 2071 volunt

312 2104 550 2155 credere
576 2103 943 2168 epydimiam,
968 2102 1030 2166 jd
1055 2103 1144 2154 est
1166 2101 1537 2153 infectionem
1571 2101 1722 2153 aeris
1754 2103 2007 2153 creatam
2032 2115 2066 2152 a
2088 2102 2425 2165 corporibus
2449 2101 2776 2160 celestibus,

310 2185 680 2237 mortalitatis
701 2184 999 2249 prehabite
1022 2197 1251 2235 causam
1275 2197 1430 2245 esse;
1451 2196 1620 2247 quam
1639 2185 1830 2234 tamen
1856 2184 2166 2247 astronom]
2193 2197 2267 2235 ex
2293 2198 2464 2235 cursu
2490 2185 2775 2235 astrorum

317 2281 439 2320 esse
461 2269 724 2319 futuram
748 2266 859 2328 hoc
883 2267 1140 2329 tempore
1163 2264 1338 2331 longe
1362 2266 1495 2316 ante
1531 2265 1822 2316 dixerunt.

377 2348 497 2400 Has
533 2351 596 2399 et
630 2348 839 2400 multas
874 2347 1016 2399 alias
1048 2348 1274 2411 ineptas
1310 2346 1706 2398 obseruantias
1740 2346 1961 2397 faciunt
1994 2346 2053 2397 et
2087 2346 2396 2398 obseruant
2417 2361 2523 2412 pro
2549 2348 2779 2398 statutis

320 2430 376 2480 et
396 2429 648 2495 legibus.

374 2510 611 2568 Verum,
648 2511 816 2575 pater
849 2509 1197 2567 beatissIme‚
1237 2511 1511 2574 quantum
1544 2509 1750 2562 Vestre
1783 2509 2080 2574 Sanctitatj
2118 2524 2373 2576 congrue
2412 2511 2604 2574 potest
2642 2510 2777 2574 dici,

316 2594 463 2655 quod
487 2594 707 2643 dictum
742 2594 832 2643 est
862 2593 1057 2642 sancto
1094 2592 1298 2656 Moysi,
1337 2591 1585 2656 principi
1609 2593 1887 2656 sinagoge
1911 2605 2198 2655 supremo.
2222 2593 2396 2655 vestrj
2423 2592 2778 2656 principatus

314 2688 411 2726 seu
450 2674 809 2738 presidentie
850 2674 1073 2739 gerentj
1119 2674 1383 2739 figuram,
1431 2673 1611 2724 Emoda·
1656 2673 1714 2723 18
1759 2688 1773 2723 :
1821 2693 1846 2715 u
1873 2674 2012 2725 Esto
2054 2675 2115 2725 tu
2154 2673 2366 2738 populo
2401 2675 2460 2724 in
2497 2674 2628 2735 hiis,
2667 2686 2777 2736 que

312 2756 379 2808 ad
412 2758 603 2829 Deum
636 2757 949 2820 pertinent,
987 2758 1052 2808 ut
1083 2756 1306 2807 reseras
1341 2770 1453 2819 que
1491 2756 1759 2807 dicuntur
1797 2755 1868 2806 ad
1905 2756 2107 2813 Deum,
2149 2757 2529 2820 ostendasque
2564 2754 2777 2820 populo

318 2839 661 2890 cerimonias
696 2840 756 2891 et
787 2839 964 2889 ritum
1004 2836 1252 2903 colendj‚
1294 2839 1558 2901 viamque
1599 2851 1705 2902 per
1746 2850 1915 2901 quam
1955 2838 2182 2903 ingredj
2227 2838 2471 2890 debeant
2510 2840 2569 2889 et
2614 2852 2776 2902 opus,

316 2921 461 2983 quod
506 2922 723 2972 facere.
763 2943 789 2965 n
836 2920 1181 2984 Eapropter,
1229 2933 1358 2970 cum
1407 2921 1621 2984 optime
1680 2920 1985 2978 noueritis,
2031 2934 2214 2985 regno
2262 2922 2451 2971 vestro
2495 2920 2777 2986 predicto.

316 3001 529 3055 scilicet
578 3000 848 3066 militantj
899 3001 1177 3059 Ecclesie,
1226 3001 1524 3051 minimum
1571 3002 1867 3065 expedire,
1915 3003 1980 3052 ut
2025 3003 2138 3052 ista
2182 3004 2355 3061 secta,
2398 3003 2492 3052 cui
2536 3002 2777 3053 tacendo

317 3083 648 3135 videbimini
683 3083 1027 3143 consentire,
1064 3096 1171 3147 per
1205 3084 1450 3134 vestram
1486 3082 1998 3134 dissimulationem
2034 3084 2278 3147 amplius
2311 3084 2552 3147 recipiat
2585 3084 2774 3134 incre-

319 3164 591 3221 mentum,
640 3165 869 3214 nomine
913 3163 1304 3227 predictorum
1348 3164 1708 3214 dominorum
1757 3177 2036 3223 meorum,
2086 3177 2325 3226 quorum
2366 3179 2490 3215 sum
2538 3166 2779 3216 nuncius

320 3243 451 3295 licet
484 3245 825 3304 immeritus,
862 3244 1065 3296 Vestre
1100 3244 1399 3309 Sanctitatj
1437 3243 1734 3296 humiliter
1769 3245 2048 3309 supplico,
2076 3246 2310 3297 flectens
2346 3260 2554 3311 genua,
2590 3247 2780 3297 cordis

320 3327 425 3390 mej
488 3341 503 3378 :
568 3327 836 3390 quatinus
892 3325 1062 3377 huius
1123 3327 1277 3377 secte
1335 3339 1435 3376 seu
1492 3328 1684 3390 potius
1743 3327 1960 3376 erroris
2018 3327 2380 3377 manifestum
2439 3327 2667 3384 zizania,
2708 3342 2780 3379 ne

321 3407 571 3459 triticum
634 3408 893 3465 suffocet,
952 3408 1248 3459 eradicare
1308 3406 1518 3467 velitis,
1580 3408 1754 3460 finem
1810 3409 2075 3459 iaciendo
2135 3408 2513 3469 sermonibus,
2574 3409 2778 3460 Vestre

322 3487 613 3555 Sanctitatj
638 3491 909 3554 repetens
936 3489 1129 3541 thema
1150 3490 1209 3539 in
1234 3490 1520 3554 principio
1556 3491 2037 3555 preassumptum,
2075 3504 2202 3540 cum
2227 3490 2564 3553 quibusdam
2588 3490 2778 3542 verbis

319 3568 374 3620 in
412 3571 615 3623 eodem
656 3574 821 3623 textu
861 3571 1233 3634 sequentibus
1273 3586 1286 3621 ε
1329 3570 1432 3623 Est
1462 3570 1708 3639 populus
1735 3586 1852 3638 per
1891 3586 2083 3623 omnes
2123 3573 2451 3638 prouincias
2489 3574 2653 3640 reynj
2697 3572 2781 3639 ια]

322 3649 618 3718 dispersus,
664 3654 834 3704 nouis
878 3660 1032 3704 vtem
1079 3651 1298 3718 legibus
1342 3659 1394 3704 et
1439 3653 1793 3719 cerimomJu
1839 3654 1898 3704 et
1966 3653 2180 3717 optime
2236 3653 2409 3717 nosti,
2469 3654 2620 3716 quod
2667 3667 2781 3704 non

321 3735 583 3797 expediat
614 3748 796 3799 regno
832 3736 951 3793 tuo,
990 3737 1053 3785 ut
1088 3734 1397 3786 insolescat
1429 3747 1535 3799 per
1570 3734 1882 3793 licentiam,
1918 3735 1982 3799 jd
2022 3736 2111 3787 est
2149 3737 2370 3787 crescat
2408 3748 2513 3800 per
2553 3735 2780 3786 simula-

325 3814 552 3866 tionem.
573 3817 632 3868 Si
648 3816 752 3880 tibj
779 3816 986 3881 placet,
1007 3817 1271 3875 decerne,
1296 3817 1358 3867 ut
1381 3818 1600 3881 pereat.
1621 3816 1785 3877 Quod
1809 3818 1969 3868 vobis
1991 3831 2104 3868 vna
2123 3831 2254 3869 cum
2277 3817 2386 3868 hoc
2406 3817 2777 3869 sacrosancto

326 3892 577 3962 collegio
624 3898 819 3949 taliter
860 3900 1054 3949 tacere
1099 3899 1377 3949 concedat
1419 3898 1769 3958 AltissimuS,
1819 3900 1901 3960 ut,
1961 3899 2273 3951 secundum
2316 3898 2553 3950 verbum
2600 3900 2774 3964 vestrj

325 3979 759 4040 predecessori&
794 3980 964 4044 primi
1003 3980 1198 4044 vicarii
1235 3979 1409 4031 Ihesu
1444 3980 1678 4039 Christi,
1719 3981 1879 4046 Petrj
1918 3980 2158 4042 scilicet,
2198 3981 2404 4033 Prima
2428 3981 2588 4033 Petri
2608 3981 2640 4030 5
2658 3982 2732 4044 (5)
2760 3994 2775 4031 :

327 4076 354 4100 ι
378 4059 513 4111 Cum
557 4062 886 4125 apparuerit
930 4062 1200 4126 princeps
1245 4063 1560 4126 pastorum,
1611 4063 1946 4127 percipiatis
2002 4061 2531 4115 immarcessibilem
2577 4064 2777 4114 eterne

328 4140 504 4205 glorie
527 4156 813 4194 coronam.
842 4166 867 4188 n
893 4144 982 4193 Ad
1009 4157 1179 4207 quam
1205 4157 1310 4194 nos
1333 4145 1631 4208 perducat,
1657 4145 1769 4196 etc.

388 4328 459 4389 (l)
494 4326 854 4381 Psalmorum
879 4331 963 4390 57,
993 4330 1074 4381 12.

389 4409 459 4472 (2)
490 4410 583 4463 Ad
610 4411 885 4464 Romanos
907 4411 960 4472 9,
985 4412 1159 4464 25-26.

391 4490 460 4552 (3)
492 4489 857 4544 Psalmorum
882 4493 996 4554 146,
1024 4496 1074 4545 2.

393 4572 462 4634 (4)
494 4572 705 4640 migne,
731 4573 856 4627 deel
881 4574 1218 4636 CLXXXII,
1242 4576 1359 4629 kol.
1384 4578 1500 4629 571.

398 4652 467 4716 (5)
498 4656 528 4704 1
553 4652 647 4707 Ad
670 4653 976 4711 corinthios
996 4658 1047 4711 5.
