3526 5522
1300 613 1502 667 ANNo
1540 611 1669 665 1460
2223 585 2227 588 ’
2604 612 2697 665 107

298 792 404 830 suos
422 777 645 836 iudices,
673 777 774 828 sed
796 777 1044 829 scienter
1065 776 1396 829 celaverunt
1416 777 1616 840 multa,
1636 790 1821 840 neque
1849 776 2077 843 integre
2095 777 2343 828 contessi
2361 777 2493 828 sunt
2509 778 2704 828 forsan

296 860 344 911 in
370 861 479 910 foro
509 860 793 912 interiori.
829 859 902 911 Et
924 860 974 911 si
997 859 1299 924 aliquando
1335 874 1440 926 per
1474 860 1669 912 fletum
1702 859 1794 911 vel
1829 859 1942 911 alia
1975 859 2141 926 signa
2174 860 2464 911 exteriora
2495 860 2706 911 contri-

296 943 447 994 tiones
477 943 794 1000 ostendant,
831 942 892 992 id
927 943 1143 994 iaciunt
1176 941 1360 995 solum
1396 944 1631 1007 propter
1666 942 1931 994 timorem
1965 942 2166 993 mortis
2205 940 2519 1007 corporalis
2552 955 2704 992 com-

299 1026 506 1077 muniter
526 1027 585 1077 et
602 1027 667 1077 ut
688 1038 814 1076 eam
839 1026 1091 1088 evadant,
1113 1026 1211 1076 aut
1230 1026 1468 1092 propter
1485 1026 1762 1077 honorem
1781 1025 2145 1077 mundanum.
2167 1023 2392 1083 Tercio,
2419 1025 2703 1088 quoniam,

297 1108 500 1160 maxime
521 1108 618 1160 ubi
641 1120 737 1160 res
760 1109 850 1160 est
872 1122 1017 1159 nova
1035 1108 1096 1159 in
1119 1107 1331 1173 populo
1356 1110 1415 1160 et
1438 1107 1744 1172 complices
1769 1109 2042 1173 putantur
2065 1106 2248 1168 multi,
2269 1108 2421 1171 quod
2446 1106 2708 1173 suggerit

297 1190 464 1242 demon
495 1191 938 1256 denegacionem
961 1191 1050 1242 sui
1073 1204 1239 1242 casus
1262 1191 1334 1242 ad
1356 1190 1753 1242 concitandum
1788 1189 2061 1256 populum
2097 1203 2225 1240 cum
2258 1203 2429 1241 cursu
2463 1187 2701 1253 compli-

295 1285 395 1323 cum
424 1273 686 1325 adversus
722 1273 939 1325 iudices
963 1275 1022 1325 et
1044 1274 1399 1333 executores,
1437 1274 1535 1336 qui
1569 1274 1835 1325 videntur
1872 1273 2320 1336 condempnasse
2352 1272 2705 1335 innocentes,

292 1355 556 1419 presertim
581 1355 824 1420 pulchra
856 1355 1031 1408 verba
1065 1356 1456 1414 moriencium,
1485 1356 1582 1419 qui
1605 1356 1835 1408 tandem
1859 1355 1919 1406 in
1944 1354 2046 1407 illa
2067 1355 2453 1421 abnegacione
2487 1353 2711 1419 eligunt

296 1437 429 1488 mori.
460 1437 600 1490 Tum
634 1439 835 1495 eciam,
863 1439 928 1490 ut
951 1452 1065 1489 non
1087 1438 1431 1503 procedatur
1465 1439 1666 1489 contra
1698 1436 1843 1489 alios
1878 1437 2183 1502 complices
2207 1439 2265 1488 et
2299 1438 2363 1488 ut
2394 1435 2711 1487 liberentur

295 1519 341 1569 in
360 1521 666 1573 carceribus
689 1521 905 1572 detenti
930 1522 988 1572 et
1011 1522 1197 1572 cesset
1217 1521 1461 1578 iusticia,
1476 1520 1823 1583 credantque
1847 1521 2117 1584 astanteS,
2142 1519 2291 1583 quod
2316 1519 2432 1570 sint
2455 1519 2714 1583 sompnia

294 1602 342 1652 et
355 1603 596 1661 iantasie,
623 1604 683 1655 et
706 1616 819 1654 non
851 1602 1055 1668 perdat
1088 1603 1293 1654 demon
1326 1602 1470 1654 alios
1503 1616 1605 1654 seu
1637 1603 1875 1667 predam
1909 1601 2100 1662 aliam,
2135 1603 2235 1652 sed
2269 1602 2496 1653 maneat
2525 1600 2708 1652 adhuc

294 1684 340 1734 in
358 1684 672 1750 obsequium
705 1699 868 1737 suum
894 1685 965 1737 ad
987 1685 1309 1737 iaciendum
1332 1683 1501 1737 mala.
1526 1685 1727 1748 Neque
1752 1685 1822 1737 ab
1846 1698 1911 1736 re
1935 1687 2041 1745 est,
2066 1684 2117 1735 si
2140 1684 2289 1735 iuste
2313 1682 2713 1746 derelinquant

293 1764 566 1821 valdenses
599 1769 742 1820 adeo
765 1769 826 1819 in
849 1769 1053 1828 morte,
1073 1768 1171 1832 qui
1194 1766 1519 1833 specialiter
1550 1768 1608 1818 in
1634 1768 1749 1818 vita
1783 1767 1891 1817 hoc
1913 1768 2263 1825 meruerunt,
2291 1766 2500 1817 iniuste
2532 1765 2707 1817 relin-

295 1852 498 1912 quentes
542 1852 728 1903 Deum
760 1863 868 1915 per
898 1849 1075 1916 longa
1118 1851 1374 1916 tempora
1417 1850 1560 1913 vite;
1597 1850 1782 1900 iustus
1816 1850 1969 1902 enim
2009 1850 2098 1901 est
2131 1849 2303 1909 Deus,
2340 1849 2400 1900 et
2433 1847 2564 1899 talis
2599 1849 2715 1898 vita

292 1930 442 1983 trahit
471 1935 528 1985 at
560 1931 734 1984 talem
774 1933 1046 1996 mortem3
1083 1934 1144 1984 et
1174 1933 1467 1997 precipue,
1514 1945 1643 1983 cum
1684 1932 1742 1983 in
1780 1944 1884 1983 sua
1920 1930 2260 1995 recepcione
2299 1931 2370 1982 ad
2411 1931 2619 1982 sectam
2656 1930 2716 1980 et

292 2016 771 2081 congregacionem
827 2015 1091 2066 dederint
1146 2014 1392 2067 animam
1437 2028 1597 2065 suam
1643 2014 1873 2065 demoni
1919 2013 2238 2065 habendam
2280 2013 2340 2065 in
2388 2014 2595 2064 morte.
2641 2011 2716 2062 Et

295 2108 604 2161 quamquam
642 2097 865 2162 possint
901 2097 1121 2148 conteri
1153 2098 1213 2148 et
1245 2096 1507 2148 confiteri
1543 2098 1612 2148 de
1648 2096 1887 2148 dacione
1934 2096 2142 2159 anime,
2186 2108 2368 2160 neque
2409 2096 2717 2161 propterea

291 2178 385 2229 sint
404 2176 497 2246 [in]
520 2179 981 2245 impossibilitate
1005 2180 1076 2230 ad
1098 2180 1488 2244 penitendum,
1525 2178 1902 2230 communiter
1935 2180 2124 2230 tamen
2163 2178 2233 2230 de
2256 2177 2366 2229 hoc
2389 2175 2714 2243 specialiter

292 2273 384 2313 non
404 2263 740 2314 confitentur
764 2263 862 2314 aut
884 2262 1277 2322 conteruntur,
1316 2263 1415 2314 sed
1450 2262 1853 2326 impenitentes
1887 2261 2170 2312 decedunt
2204 2260 2492 2319 obstinati,
2531 2259 2711 2311 obdu·

296 2344 405 2406 rati,
435 2359 545 2396 non
579 2346 806 2411 integre
841 2345 1090 2396 confessi
1113 2345 1173 2396 et
1204 2344 1537 2403 valdenses,
1573 2344 1692 2395 sive
1725 2344 2046 2395 moriantur
2078 2344 2137 2393 in
2172 2343 2426 2407 prisione
2460 2344 2578 2394 sive
2612 2355 2719 2407 per

293 2424 542 2479 iusticiam
578 2429 677 2479 aut
711 2440 1066 2491 quocumque
1106 2427 1266 2492 eant3
1310 2427 1476 2494 signa
1508 2427 1661 2479 enim
1695 2440 1798 2478 sue
1840 2426 2208 2477 contricionis
2249 2425 2546 2491 sepissime
2584 2425 2718 2476 ficta

292 2511 417 2569 sunt,
440 2512 501 2561 nt
522 2511 763 2562 evadant
795 2510 1038 2561 mortem
1073 2509 1444 2574 temporalem
1480 2511 1577 2561 aut
1599 2509 1990 2560 confusionem
2015 2507 2250 2559 honoris
2282 2508 2571 2567 mundani,
2605 2509 2716 2558 etc.

295 2588 352 2641 Et
371 2594 450 2642 est
481 2594 617 2644 satis
640 2591 1030 2644 verisimiliter
1052 2592 1422 2657 pensandum,
1450 2592 1600 2655 quod
1622 2603 1803 2656 prope
1836 2592 2081 2642 mortem
2116 2591 2321 2642 demon
2363 2589 2600 2655 apparet
2632 2588 2718 2641 eis

292 2672 524 2739 visibilis,
566 2677 664 2739 qui
702 2688 804 2727 eos
847 2674 1116 2726 terrendo
1157 2675 1216 2725 et
1259 2688 1365 2739 per
1403 2673 1830 2741 suggestionem
1876 2674 2095 2724 inducit
2139 2673 2209 2724 ad
2249 2672 2613 2724 inficiendum
2659 2671 2720 2721 et

294 2755 660 2823 denegandum
682 2758 843 2823 prius
876 2757 1218 2822 contessata,
1241 2757 1325 2808 ita
1348 2758 1412 2809 ut
1434 2757 1641 2816 dicant,
1670 2756 1822 2820 quod
1846 2756 1902 2807 vi
1926 2755 2213 2815 dixerunt,
2239 2755 2308 2807 ad
2333 2754 2717 2807 excusandum

295 2851 347 2889 se
369 2842 422 2891 et
442 2840 581 2892 alios
608 2840 935 2905 complices,

379 3031 453 3083 12.
491 3032 646 3091 Quod
680 3035 822 3087 iuste
857 3035 921 3086 in
945 3035 1142 3101 prima
1175 3036 1501 3086 eoeecucione
1532 3037 1596 3085 in
1629 3032 1731 3088 hoc
1778 3032 1894 3086 loco
1933 3031 2251 3099 valdenses,
2276 3041 2336 3086 ut
2362 3040 2515 3102 patet
2548 3046 2618 3085 σω

675 3116 1045 3183 processibus,
1081 3114 1262 3169 relicti
1291 3125 1420 3169 sum
1453 3123 1550 3169 aut
1583 3116 1774 3171 relicte
1805 3114 2046 3171 seculari
2079 3120 2317 3170 iusticie.

351 3243 484 3297 Tum
509 3248 711 3311 primo,
738 3246 928 3299 relicti
951 3248 1165 3300 suntin
1191 3248 1532 3314 exemplum,
1560 3249 1624 3300 ut
1647 3249 1869 3302 scilicet
1892 3250 2124 3303 daretur
2160 3248 2482 3315 exemplum
2513 3247 2723 3315 populo

299 3326 349 3377 et
369 3329 560 3380 exinde
582 3330 730 3382 bene
753 3330 1138 3382 edificaretur.
1167 3329 1312 3382 Tum
1335 3331 1604 3392 secundo,
1629 3334 1868 3399 propter
1890 3334 2198 3387 novitatem
2220 3334 2405 3398 primo
2439 3331 2726 3399 cognitam

298 3404 346 3456 in
361 3421 423 3459 eo
440 3408 579 3461 loco.
599 3411 674 3463 Et
690 3411 888 3471 tercio,
910 3413 1149 3477 propter
1166 3413 1565 3466 enormitatem
1583 3415 1668 3467 rei
1689 3415 1748 3465 in
1769 3427 1830 3465 se
1849 3415 1908 3466 et
1927 3412 2264 3479 complicum
2281 3414 2722 3467 multitudinem.

297 3486 358 3537 Et
391 3503 716 3557 quamquam
749 3507 948 3546 verum
994 3494 1084 3555 sit,
1125 3495 1277 3558 quod
1316 3494 1560 3547 ecclesia
1595 3496 1926 3547 misericors
1968 3509 2094 3548 esse
2147 3496 2317 3548 debet
2357 3499 2417 3547 et
2465 3498 2726 3561 graciosa

298 3582 459 3634 neque
481 3575 643 3628 debet
669 3575 937 3630 claudere
969 3577 1251 3643 gremium
1275 3578 1345 3629 ad
1373 3592 1434 3630 se
1457 3578 1724 3630 redeunti
1746 3593 1851 3643 pro
1880 3579 2064 3643 prima
2086 3581 2227 3638 vice,
2252 3578 2361 3629 hoc
2381 3577 2727 3643 intelligitur

299 3664 488 3714 verum,
512 3660 733 3721 quando
762 3661 888 3724 quis
913 3672 983 3711 ex
1008 3673 1070 3711 se
1094 3661 1153 3711 et
1175 3664 1378 3725 sponte
1402 3674 1501 3714 seu
1528 3662 1687 3711 motu
1707 3662 1943 3726 proprio
1970 3674 2035 3712 ac
2057 3662 2282 3728 integre
2307 3673 2377 3711 eo
2400 3661 2588 3721 mod0,
2614 3673 2725 3723 quo

300 3740 531 3793 constare
564 3743 753 3806 potest
785 3756 858 3794 ex
892 3743 1072 3808 signis
1107 3744 1511 3802 exterioribuS,
1539 3744 1612 3795 ad
1638 3743 1938 3796 ecclesiam
1973 3745 2153 3809 redit3
2189 3746 2323 3796 tunc
2346 3744 2500 3795 enim
2520 3743 2728 3809 imper-

300 3816 478 3872 cienda
516 3824 603 3874 est
645 3824 1058 3887 misericordia,
1104 3826 1399 3893 potissime
1450 3826 1498 3877 si
1546 3826 1696 3886 talis,
1745 3827 1844 3890 qui
1897 3827 2223 3887 revertitur,
2276 3825 2563 3877 homicida
2614 3838 2727 3877 non

299 3896 457 3952 luerit
505 3918 688 3969 neque
734 3907 996 3958 nocuerit
1036 3910 1191 3959 terre
1238 3908 1403 3959 bonis
1454 3909 1554 3960 aut
1587 3910 1937 3961 eiuscemodi
1979 3907 2259 3961 maleficia
2295 3907 2731 3975 perpetraverit,

305 3992 465 4045 neque
485 3987 647 4039 datus
672 3988 850 4040 fuerit
879 4003 1009 4040 cum
1043 3988 1144 4041 tali
1180 4003 1355 4042 onere
1392 3990 1803 4044 maleficiorum
1838 3991 2079 4044 ecclesie
2116 4004 2223 4057 per
2253 3990 2537 4043 iusticiam
2571 4003 2729 4041 secu-

303 4059 476 4119 larem.
501 4067 737 4128 Quando
773 4083 908 4123 vero
946 4070 1128 4123 altera
1151 4073 1271 4123 vice
1295 4071 1688 4125 verisimiliter
1710 4074 2022 4125 creduntur
2045 4087 2108 4126 se
2132 4074 2339 4127 offerre
2360 4086 2524 4125 casus
2548 4072 2732 4138 magis

303 4156 507 4210 &paces
538 4153 731 4218 gracie
767 4154 827 4204 et
858 4153 1253 4206 misericordie
1288 4169 1387 4207 seu
1423 4154 1830 4220 propiciabiles
1867 4170 1940 4207 ex
1965 4156 2332 4209 multitudine
2370 4153 2730 4221 complicum,

303 4229 467 4287 Potest
483 4233 723 4286 ecclesia
743 4234 802 4285 in
826 4247 894 4286 eo
919 4248 1054 4286 casu
1078 4235 1311 4288 differre
1336 4238 1618 4303 impartiri
1635 4239 1696 4290 et
1715 4237 2007 4302 suscipere
2031 4239 2087 4289 in
2107 4239 2359 4304 graciam
2377 4251 2479 4290 seu
2503 4238 2729 4303 aperire

305 4308 493 4366 viscera
523 4316 917 4368 misericordie
940 4317 1000 4368 in
1027 4316 1236 4369 alteras
1259 4320 1411 4371 vices
1434 4321 1493 4371 et
1515 4334 1629 4372 non
1657 4321 1794 4373 dare
1830 4323 2085 4387 graciam
2108 4321 2169 4372 in
2193 4322 2381 4386 prima
2399 4321 2523 4372 vice
2546 4334 2648 4374 seu
2672 4322 2729 4388 in

307 4392 468 4480 prima
514 4399 876 4450 execucione.
917 4397 1059 4450 Cum
1108 4413 1244 4452 vero
1296 4403 1423 4465 quis
1472 4403 1786 4454 revertitur
1827 4403 1897 4454 ad
1937 4402 2235 4455 ecclesiam
2284 4404 2479 4455 coacte
2520 4405 2579 4455 et
2617 4417 2730 4454 non

310 4473 522 4539 megi-e,
562 4481 662 4531 sed
694 4482 934 4546 apparet
970 4482 1334 4549 impenitens,
1375 4497 1480 4535 nec
1515 4486 1766 4537 ostendit
1810 4486 1977 4550 signa
2014 4486 2383 4537 contricionis
2425 4498 2580 4544 vera,
2629 4485 2728 4535 sed

310 4551 429 4606 ficta
444 4560 495 4609 et
516 4562 793 4622 simulata,
818 4565 879 4616 et
901 4564 998 4616 diu
1019 4566 1369 4617 continuavit
1392 4566 1451 4618 in
1475 4572 1647 4626 secta,
1674 4581 1860 4632 neque
1883 4567 2192 4630 requisitus
2216 4568 2356 4619 dicit
2379 4567 2587 4625 omnia,
2614 4579 2724 4630 que

311 4636 478 4690 scitin
497 4657 625 4697 casu
656 4651 715 4698 et
746 4647 1133 4700 verisimiliter
1174 4649 1428 4701 creditur
1462 4663 1495 4700 a
1531 4650 1813 4701 iudicibus
1847 4650 2032 4713 quoad
2068 4663 2130 4702 se
2164 4652 2224 4702 et
2258 4650 2444 4714 quoad
2477 4648 2640 4706 alios,
2665 4649 2724 4698 et
