3526 5522
1349 544 1557 597 ANNO
1603 543 1729 594 1460
2698 547 2763 598 95

315 706 559 757 cessibus
595 706 656 759 et
671 708 926 772 presenti
947 706 1190 759 tractatu
1212 709 1453 759 noscunt
1474 707 1679 773 pratici
1706 708 1762 758 in
1790 708 2047 768 materia,
2068 708 2125 758 et
2150 708 2343 760 statim
2366 723 2432 761 ac
2450 725 2561 762 uno
2582 712 2766 765 tractu

315 788 417 852 [de]
457 789 673 841 habitis
709 789 893 841 tribus
928 790 1026 841 aut
1061 791 1306 853 quatuor
1329 791 1881 856 congregacionibus
1904 790 1991 841 vel
2017 790 2249 843 circiter
2270 792 2559 856 (quoniam
2583 794 2766 847 solum

310 870 363 920 in
383 871 667 936 principio
685 871 962 923 fatebitur
986 886 1176 936 unam,
1203 872 1301 923 ubi
1326 872 1486 924 mille
1509 873 1726 923 vicibus
1750 873 1942 930 suerit,
1972 872 2041 923 ad
2061 871 2472 937 allegacionem
2488 876 2576 927 sui
2599 892 2762 930 casus

311 952 440 1005 etin
464 967 569 1018 spe
591 954 985 1006 misericordie
1010 954 1271 1017 ecclesie)
1295 956 1355 1006 et
1378 955 1448 1007 de
1482 954 1623 1006 locis
1648 968 1713 1006 ac
1737 956 2015 1018 tempore,
2043 956 2211 1017 atque
2247 956 2386 1020 ipsis
2420 958 2667 1011 redactis
2702 961 2761 1012 in

312 1036 547 1100 scriptis,
575 1037 731 1099 date,
756 1036 906 1100 quod
931 1038 1181 1095 astantes
1204 1036 1550 1102 intelligant,
1576 1051 1705 1088 eum
1730 1038 2123 1100 frequentasse
2148 1040 2634 1105 congregaciones
2657 1057 2763 1107 per

311 1114 641 1182 longissima
663 1121 939 1184 tempora,
972 1120 1072 1170 flat
1094 1118 1481 1185 interrogacio
1519 1120 1588 1170 de
1624 1120 1904 1171 accusatis
1938 1119 1997 1170 in
2035 1118 2293 1184 generali
2328 1121 2539 1185 absque
2576 1124 2762 1177 deter-

311 1200 517 1252 minata
549 1201 1036 1268 interrogacione,
1073 1216 1183 1266 que
1219 1216 1436 1254 summe
1471 1204 1721 1254 cavenda
1754 1203 1859 1261 est,
1899 1205 1956 1253 et·
1990 1203 2312 1255 scribantur
2354 1206 2503 1257 nude
2546 1208 2606 1258 et
2645 1222 2757 1259 uno

311 1284 482 1336 tractu
509 1299 711 1337 omnes
737 1286 1037 1337 accusandi
1060 1299 1165 1350 pro
1189 1285 1375 1350 prima
1397 1286 1519 1337 vice
1545 1285 1757 1348 absque
1779 1284 2036 1350 partibus
2071 1286 2402 1350 copularum
2428 1289 2486 1339 et
2511 1289 2756 1343 indiciis.

310 1364 511 1423 Quibus
539 1369 926 1433 omnibuasic,
940 1370 1004 1419 ut
1024 1368 1766 1432 premittitur,scriptis,flat
1789 1368 2173 1434 interrogacio
2195 1369 2263 1420 de
2287 1370 2545 1433 partibus
2563 1372 2756 1439 singu-

306 1447 478 1500 larum
513 1449 848 1515 copularum
882 1464 1010 1501 cum
1046 1450 1307 1500 omnibus
1341 1449 1586 1508 indiciiS,
1615 1447 1836 1501 scilicet
1859 1449 2200 1507 nominibus,
2226 1450 2592 1513 indumentiS,
2620 1456 2752 1514 etc„

309 1532 667 1596 utrarumque
702 1533 958 1598 parcium
993 1530 1213 1596 copule,
1241 1533 1476 1597 propter
1500 1531 1937 1583 concurrencias
1971 1533 2030 1584 et
2064 1533 2496 1585 conveniencias
2530 1550 2753 1591 accusa-

307 1613 522 1666 cionum
544 1628 651 1680 per
675 1614 819 1666 alios
843 1616 1121 1667 tectarum
1145 1616 1244 1665 aut
1269 1614 1603 1673 fiendarum,
1630 1616 1688 1665 et
1712 1616 1849 1665 tunc
1872 1615 2285 1679 appunctuetur
2307 1630 2412 1680 per
2434 1617 2754 1685 interroga-

306 1695 507 1756 ciones,
534 1699 593 1749 in
618 1698 824 1762 quibus
847 1697 989 1748 locis
1017 1698 1076 1749 et
1099 1698 1157 1748 in
1178 1711 1289 1760 quo
1315 1698 1571 1762 tempore
1595 1698 1767 1761 atque
1790 1696 1851 1747 in
1877 1697 2079 1760 quibus
2107 1699 2657 1763 congregacionibus
2684 1704 2753 1754 de

307 1781 566 1843 pretactis
588 1782 823 1841 tuerint,
851 1783 949 1833 aut
972 1782 1032 1832 in
1057 1780 1340 1844 aliquibus
1365 1782 1423 1832 et
1444 1779 1726 1844 aliquibus
1761 1795 1896 1831 non.
1923 1779 2239 1844 Nullusque
2263 1782 2576 1834 astancium
2603 1785 2756 1837 dicat

308 1861 532 1926 aliquid,
558 1878 669 1928 quo
706 1864 1042 1915 moveantur
1076 1876 1351 1915 excusare
1376 1877 1516 1926 quos
1541 1864 1808 1914 accusant
1829 1862 1917 1915 vel
1944 1863 2351 1921 accusaverint,
2380 1866 2645 1928 quoniam
2672 1868 2751 1919 nil

306 1943 449 1995 aliud
480 1949 702 2010 petunt,
729 1960 898 2010 quam
931 1959 1206 1997 excusare
1241 1946 1339 1997 aut
1372 1945 1582 1996 habere
1619 1946 1975 1997 occasionem
1999 1945 2307 1997 excusandi
2332 1946 2389 1997 in
2416 1948 2750 2013 obsequium

307 2026 551 2080 demonis
575 2031 634 2081 et
656 2027 1134 2093 complacenciam
1158 2029 1571 2086 accusatorum,
1596 2028 1864 2092 putantes
1895 2028 2074 2079 eciam
2098 2027 2455 2092 complacere
2480 2031 2749 2084 assisten-

307 2109 445 2161 tibus
466 2112 524 2163 in
550 2112 900 2176 excusand03
927 2124 1098 2176 parce
1132 2110 1285 2162 enim
1309 2112 1368 2161 et
1389 2110 1585 2169 invite,
1613 2110 1676 2161 ut
1699 2109 1877 2162 lacius
1911 2110 2063 2162 infra
2097 2111 2337 2180 dicetur,
2364 2117 2650 2166 accusant.
2677 2116 2753 2167 Et

305 2192 538 2255 attende,
563 2193 764 2252 lector,
802 2195 954 2258 quod
988 2207 1124 2258 sepe
1159 2191 1347 2247 nullos
1382 2192 1581 2244 volunt
1613 2206 1901 2255 accusare,
1925 2194 2191 2258 putantes
2226 2211 2339 2247 non
2376 2197 2587 2249 debere
2615 2195 2748 2249 illos

306 2287 557 2329 accusare
592 2279 690 2331 aut
723 2277 803 2328 ita
837 2277 1140 2342 fingentes,
1166 2290 1237 2327 ex
1274 2289 1384 2339 quo
1421 2276 1668 2327 contessi
1703 2278 1836 2327 sunt
1859 2276 1928 2328 de
1953 2277 2109 2328 secta
2132 2279 2433 2330 sacerdoti.
2463 2278 2748 2345 Subgestu

307 2358 471 2409 eciam
493 2360 747 2411 demonis
773 2360 830 2411 et
853 2359 1149 2410 hominum
1173 2359 1232 2409 in
1257 2358 1665 2410 conventiculis
1692 2358 1810 2410 suis
1835 2358 1996 2410 tarde
2019 2360 2080 2410 et
2109 2359 2446 2413 invitissime
2482 2364 2750 2414 accusant

307 2452 526 2505 magnos
546 2444 604 2494 et
620 2457 737 2500 eos,
760 2443 856 2505 qui
877 2456 988 2493 non
1008 2441 1141 2493 sunt
1160 2442 1228 2491 de
1248 2442 1402 2493 sorte
1423 2454 1526 2492 sua
1542 2454 1642 2492 seu
1662 2441 1832 2499 statu,
1854 2454 2039 2504 neque
2062 2441 2261 2494 volunt
2281 2444 2453 2508 primi
2477 2458 2745 2497 accusare

309 2523 503 2575 amicos
541 2539 673 2577 suos
714 2526 813 2576 aut
852 2538 1108 2590 magnos,
1147 2524 1401 2575 dicentes
1441 2537 1511 2575 ex
1552 2522 1780 2574 malicia
1818 2537 1923 2574 sua
1955 2525 2014 2575 et
2048 2524 2324 2585 demoniS,
2362 2527 2459 2591 qui
2493 2525 2747 2590 loquitur

309 2604 677 2658 verisimiliter
720 2606 779 2658 in
828 2607 931 2665 eis,
976 2607 1126 2670 quod
1175 2607 1236 2657 in
1281 2604 1832 2672 congregacionibus
1876 2605 1994 2657 illis
2041 2620 2155 2657 non
2203 2610 2337 2659 sunt
2381 2608 2491 2659 nisi
2533 2609 2743 2661 misere

309 2686 558 2741 mulieres
592 2692 651 2740 et
684 2690 892 2741 misere
925 2702 1187 2753 persone.
1216 2688 1500 2740 Estimant
1533 2688 1712 2740 eciam
1737 2688 1885 2752 apud
1910 2701 1991 2745 se,
2016 2688 2281 2740 instructi
2305 2703 2339 2741 a
2361 2691 2601 2742 demone
2627 2695 2686 2742 et
2711 2705 2747 2742 a

307 2771 654 2836 complicibus
688 2773 787 2824 aut
821 2773 902 2823 ita
936 2773 1177 2838 fingunt,
1209 2772 1358 2835 quod
1394 2785 1505 2823 non
1543 2772 1789 2823 debeant
1818 2770 2077 2823 revelare
2110 2775 2345 2837 peccata
2374 2773 2614 2825 aliorum
2640 2789 2741 2826 seu

308 2863 554 2907 accusare
587 2854 749 2906 alios.
791 2854 865 2905 Et
899 2855 969 2905 ad
1004 2854 1197 2905 omnia
1229 2855 1340 2905 ista
1371 2868 1477 2919 per
1511 2853 1963 2906 admonicionem
1996 2854 2312 2918 requiritur
2350 2856 2599 2919 provisio
2633 2869 2740 2922 per

309 2937 553 2997 astantes.
583 2952 766 3002 neque
800 2938 1212 2990 obmittendum
1249 2938 1354 2994 est,
1382 2938 1514 2988 dum
1549 2937 1861 3000 loquuntur
1895 2938 1965 2989 de
2000 2951 2062 2988 se
2096 2937 2195 2988 aut
2225 2937 2295 2989 de
2320 2937 2466 2997 aliis,
2495 2940 2663 3002 quod,
2691 2940 2739 2991 si

309 3022 619 3079 preveniant
637 3019 1174 3086 interrogacionem‚
1195 3020 1435 3071 dicendo
1456 3034 1517 3071 se
1543 3018 1758 3083 aliquid
1783 3020 2024 3078 nescire,
2046 3021 2115 3071 de
2137 3034 2247 3083 quo
2272 3020 2476 3072 timent
2497 3021 2740 3073 interro-

311 3102 438 3163 gari,
461 3116 650 3155 verum
686 3103 912 3168 signum
948 3103 1052 3162 est,
1081 3103 1229 3167 quod
1266 3103 1454 3154 sciunt
1487 3101 1649 3153 illud.
1686 3101 1761 3154 Et
1793 3101 2074 3167 intellige,
2101 3102 2301 3162 lector,
2339 3118 2456 3162 eos,
2495 3105 2592 3168 qui
2628 3105 2740 3156 hiis

314 3180 489 3236 diebus
512 3187 580 3238 de
605 3199 750 3238 novo
774 3185 1096 3249 capiuntur,
1121 3184 1491 3237 versimiliter
1515 3184 1574 3235 in
1611 3185 1729 3235 suis
1765 3185 2110 3249 quotidianis
2145 3184 2555 3237 conventiculis
2579 3187 2735 3239 advi-

314 3278 465 3327 sasse,
496 3282 554 3320 se
589 3269 841 3320 dicturos
875 3281 943 3318 ex
982 3267 1209 3319 malicia
1240 3268 1300 3319 et
1337 3266 1634 3326 industria,
1665 3267 1816 3331 quod
1852 3267 2224 3318 nominabunt
2257 3282 2357 3320 seu
2394 3270 2740 3321 accusabunt

315 3360 502 3409 omnes,
527 3365 666 3415 quos
700 3350 893 3401 volent
926 3351 1195 3409 astantes,
1223 3351 1321 3400 aut
1344 3362 1462 3408 eoS,
1491 3349 1588 3413 qui
1609 3348 1795 3414 primo
1832 3351 2150 3400 occurrent.
2178 3349 2253 3400 Et
2286 3350 2395 3401 hoc
2426 3351 2644 3402 faciunt
2666 3352 2737 3403 ad

313 3428 778 3498 calumpniandum
820 3435 878 3484 et
912 3432 1372 3484 confundendum
1402 3432 1798 3483 accusaciones
1833 3435 1891 3482 et
1919 3433 2099 3483 totum
2123 3433 2335 3484 factum
2357 3433 2418 3484 in
2442 3447 2532 3497 se;
2568 3433 2737 3485 sicuti

314 3522 372 3561 ex
410 3528 503 3568 sua
541 3516 798 3582 pernicie
844 3515 1058 3574 dicunt,
1101 3515 1253 3579 quod
1298 3512 1534 3581 angelus
1583 3514 1831 3566 Satbane
1874 3515 2064 3579 potest
2108 3529 2170 3566 se
2217 3515 2629 3581 transfigurare
2675 3516 2734 3567 in

314 3597 547 3660 angelum
584 3598 731 3650 lucis
774 3598 833 3648 et
880 3598 1280 3661 representare
1329 3596 1589 3647 homines
1636 3596 1694 3646 in
1740 3596 2291 3661 congregacionibus
2331 3595 2466 3655 illis,
2510 3598 2579 3650 de
2625 3611 2736 3661 quo

313 3671 522 3732 interius
558 3681 618 3732 in
659 3680 905 3744 quodam
952 3679 1192 3730 articulo
1234 3678 1305 3729 ad
1341 3677 1595 3744 longum.
1635 3679 1834 3742 Neque
1870 3681 2059 3729 tamen
2098 3680 2406 3743 propterea
2444 3679 2502 3730 in
2545 3679 2735 3743 aliquo

313 3759 488 3815 exinde
522 3762 732 3815 moveri
775 3762 985 3813 debent
1027 3762 1246 3812 iudices
1288 3775 1391 3813 seu
1439 3762 1705 3820 astantes,
1750 3761 1849 3811 sed
1891 3761 2082 3811 omnia
2122 3761 2321 3812 audire
2360 3761 2571 3813 debent
2607 3777 2734 3813 cum

315 3843 572 3901 paciencia
602 3848 663 3898 et
693 3844 1016 3897 remediare
1051 3857 1117 3895 ac
1150 3844 1452 3908 providere
1487 3841 1839 3908 possibiliter
1872 3856 2000 3893 cum
2034 3844 2184 3894 bona
2205 3843 2585 3910 discrecione;
2621 3859 2736 3896 non

317 3924 442 3978 enim
477 3931 561 3981 est
595 3928 821 3980 malicia
852 3941 1026 3991 super
1059 3926 1344 3978 maliciam
1379 3926 1635 3978 demonis
1676 3927 1734 3977 et
1772 3924 2156 3977 Valdensium.
2194 3926 2613 3978 Attendendum
2648 3929 2738 3979 est

317 4006 488 4075 eciam,
510 4012 660 4076 quod
682 4024 818 4076 sepe
842 4010 1175 4062 describunt
1197 4022 1364 4060 unam
1388 4021 1691 4074 personam
1724 4008 1835 4060 sibi
1870 4008 2081 4073 optime
2117 4009 2309 4060 notam
2332 4009 2392 4059 in
2416 4010 2732 4062 accusando

319 4084 366 4138 in
398 4093 575 4145 multis
614 4093 858 4152 indiciis,
902 4092 1064 4144 cuius
1107 4106 1312 4144 nomen
1360 4093 1564 4151 sciunt,
1610 4105 1796 4155 neque
1842 4091 2134 4142 nominare
2175 4091 2374 4143 volunt
2416 4105 2487 4144 ex
2533 4105 2636 4143 sua
2674 4093 2737 4144 et

318 4167 539 4228 demonis
582 4175 833 4240 malicia;
879 4176 976 4227 aut
1015 4175 1065 4226 si
1109 4175 1420 4233 nominent,
1464 4174 1601 4226 dent
1640 4187 1847 4225 nomen
1888 4172 2042 4224 aliud
2076 4174 2148 4224 ad
2180 4173 2639 4228 confundendum
2674 4175 2737 4228 et

319 4252 775 4322 calumpniandum
809 4257 968 4310 illam
1003 4258 1447 4316 accusacionem,
1475 4259 1573 4308 aut
1607 4270 1781 4307 unum
1813 4255 2106 4315 indicium,
2134 4257 2284 4320 quod
2308 4270 2422 4307 non
2445 4257 2737 4321 reperitur

317 4331 364 4384 in
396 4353 623 4403 persona
660 4341 965 4406 descripta.
1010 4339 1225 4392 Tamen
1264 4353 1401 4404 sepe
1442 4340 1640 4398 eciam,
1669 4339 1789 4391 sive
1833 4337 2062 4390 malicia
2111 4340 2208 4390 aut
2251 4338 2551 4398 industria,
2578 4343 2739 4391 certa

319 4414 554 4474 deficiunt
573 4424 632 4474 in
670 4425 826 4475 etate
850 4422 1035 4488 magis
1059 4435 1228 4486 quam
1252 4422 1309 4473 in
1338 4420 1467 4472 aliis
1489 4421 1736 4473 indiciis.
1763 4421 1838 4474 Et
1858 4421 2098 4484 possunt
2118 4420 2207 4470 vir
2231 4420 2290 4471 et
2324 4435 2469 4472 uxor
2503 4434 2628 4472 esse
2668 4420 2737 4471 de

321 4503 450 4554 secta
478 4506 544 4556 ad
577 4508 818 4558 eundem
855 4507 1026 4558 finem
1062 4502 1148 4556 vel
1178 4505 1453 4563 diversos,
1478 4516 1623 4555 uxor
1645 4505 1881 4568 propter
1904 4503 2241 4567 voluptates,
2272 4503 2359 4554 vir
2384 4503 2456 4554 ob
2481 4502 2734 4561 divicias,

324 4581 395 4633 Vel
415 4590 632 4640 econtra
651 4587 740 4641 vel
764 4589 1002 4654 propter
1026 4586 1239 4650 aliquid
1264 4586 1445 4651 aliud;
1467 4600 1595 4637 cum
1618 4585 1773 4637 enim
1796 4585 1925 4649 quis
1952 4586 2117 4637 datus
2140 4585 2228 4637 est
2246 4585 2490 4642 demoni,
2511 4596 2732 4649 queque
