3526 5522
689 516 753 566 34
1731 512 1940 565 ANNO
1980 511 2105 562 1349

686 676 876 728 lonem
900 678 1013 728 iam
1032 677 1140 727 iste
1159 674 1405 740 populus
1424 676 1505 726 ita
1519 689 1582 726 se
1601 674 1885 737 dilatauit,
1906 675 1970 725 ut
1993 674 2064 725 de
2087 674 2228 737 ipsis
2253 674 2477 724 dicatur
2514 671 2658 723 illud
2689 672 2721 721 3
2753 670 2967 739 Requm
2990 671 3022 720 3
3040 671 3145 735 (1):

688 778 712 800 α
742 759 1043 822 Numerarj
1094 772 1209 809 non
1259 759 1449 821 potest
1502 770 1606 822 pre
1657 755 2045 807 multitudine.
2076 778 2102 800 n
2154 755 2228 805 Et
2271 754 2380 806 hec
2430 756 2518 806 est
2569 766 2680 804 vna
2719 766 2915 816 causa,
2974 765 3148 816 quare

685 840 974 904 principes
1020 842 1080 891 et
1135 838 1341 903 prelatj
1407 839 1684 890 hactenus
1741 852 1856 889 non
1907 839 2316 902 processerunt
2371 836 2444 887 ad
2492 837 2735 886 istorum
2792 835 3148 899 punitionem

687 923 956 982 debitam,
1005 922 1275 985 quoniam
1320 924 1558 985 propter
1603 920 2031 971 multitudinem
2076 918 2526 982 delinquentium
2575 917 2880 981 aliquando
2926 917 3146 981 punitio

684 1005 995 1055 dimittitur
1018 1017 1119 1054 seu
1145 1003 1425 1059 differtur,
1455 1003 1615 1053 iuxta
1636 1001 1779 1052 illud
1808 1016 1821 1052 ε
1854 1022 1877 1042 ·
1906 1000 1991 1053 Ob
2015 1000 2291 1065 populum
2324 1000 2566 1051 multum
2592 1000 2809 1051 crimen
2836 999 3149 1064 permansit

684 1085 948 1137 inultum.
978 1108 1003 1130 κ
1038 1084 1218 1136 Juxta
1252 1085 1402 1148 quod
1439 1083 1685 1149 legimus
1719 1083 1751 1132 2
1794 1084 2005 1148 Reyum
2033 1080 2094 1131 18
2119 1083 2211 1146 (2),
2252 1082 2403 1145 quod
2443 1082 2581 1135 Ioab
2616 1082 2830 1133 cecinit
2851 1081 3060 1132 bucina
3091 1083 3149 1132 et

690 1168 933 1218 retinuit
956 1166 1248 1231 populum,
1274 1180 1346 1217 ne
1369 1166 1819 1230 persequeretur
1840 1165 2162 1230 fugientem
2186 1163 2386 1224 Israel,
2414 1163 2610 1215 volens
2632 1176 2872 1228 parcere
2896 1162 3146 1214 multitu·

691 1249 830 1313 dinJ.
857 1248 1140 1299 videbant
1173 1249 1347 1299 etiam
1383 1248 1552 1300 istam
1591 1246 2021 1298 multitudinem
2046 1259 2172 1298 esse
2219 1248 2434 1297 tantam
2464 1247 2524 1297 et
2545 1246 2629 1297 ita
2661 1247 2975 1310 potentem,
3001 1244 3149 1308 quod

690 1331 740 1380 si
781 1329 996 1382 vellent
1032 1330 1347 1393 procedere
1388 1332 1589 1380 contra
1629 1330 1785 1392 ipsos
1826 1335 1886 1380 et
1929 1328 2037 1392 ipsj
2086 1327 2302 1380 vellent
2348 1328 2419 1378 de
2464 1329 2616 1380 facto
2663 1328 2959 1385 resistere,
3005 1328 3151 1378 sicut

691 1413 807 1462 iam
853 1413 1114 1463 recerunt
1166 1411 1222 1461 in
1272 1410 1564 1462 nonnullis
1609 1411 1887 1475 partibus,
1942 1411 2091 1461 sicut
2142 1411 2200 1460 in
2263 1409 2517 1467 Boemia‚
2565 1411 2660 1473 ubj
2715 1409 3041 1461 sacerdotes
3093 1411 3152 1459 et

688 1494 954 1552 clericos,
999 1493 1204 1556 quibus
1246 1492 1424 1543 laicos
1465 1493 1634 1556 opido
1677 1493 1921 1543 infestos
1967 1492 2146 1542 tradit
2188 1492 2517 1554 antiquitas,
2561 1491 2912 1552 occiderunt,
2958 1489 3154 1554 peiora

694 1576 864 1632 mala.
923 1579 1062 1639 puta
1120 1573 1468 1625 rebelliones
1526 1577 1728 1625 contra
1782 1573 2076 1638 principes
2132 1575 2194 1624 et
2249 1574 2517 1624 scismata
2571 1574 2774 1623 contra
2829 1570 3155 1633 ecclesiam,

696 1659 1092 1720 sequerentur.
1140 1656 1300 1707 Licet
1341 1659 1532 1707 autem
1572 1654 1724 1706 mala
1766 1669 1878 1706 non
1925 1655 2043 1705 sint
2085 1655 2369 1717 facienda,
2412 1657 2477 1705 ut
2513 1655 2747 1706 veniant
2790 1654 2961 1718 bona,
3001 1654 3158 1704 iuxta

698 1737 1019 1802 apostolum
1068 1737 1156 1788 Ad
1201 1738 1484 1791 Romanos
1528 1738 1580 1795 3,
1631 1739 1841 1798 tamen,
1878 1736 2193 1788 secundum
2234 1738 2561 1788 sanctorum
2601 1737 2662 1787 et
2699 1736 2874 1787 etiam
2911 1734 3156 1800 philoso-

697 1820 943 1884 phorum
979 1820 1344 1879 sententiam,
1381 1819 1532 1872 mala
1567 1819 1908 1883 quandoque
1934 1822 2070 1870 sunt
2101 1819 2505 1884 permittenda,
2534 1831 2604 1870 ne
2629 1819 2921 1870 deteriora
2940 1818 3154 1869 contin-

688 1903 854 1968 gant.
899 1902 1058 1953 Vnde
1107 1903 1245 1952 dicit
1288 1901 1596 1967 Augustini
1643 1900 1962 1953 communis
2009 1901 2321 1952 auctoritas
2359 1916 2372 1949 ι
2421 1921 2447 1943 «ι
2481 1901 2664 1953 Aufer
2706 1900 3043 1953 meretrices
3086 1899 3153 1951 de

697 2066 858 2124 Ioab,
903 2066 1001 2129 qui
1040 2067 1359 2130 proditorie
1400 2066 1692 2118 occiderat
1728 2065 1927 2116 Abner
1966 2067 2025 2116 et
2065 2064 2353 2124 Amasam,
2395 2064 2739 2129 impunitum
2782 2063 3037 2129 reliquit,
3082 2075 3150 2115 ne

698 2148 863 2213 peius
898 2147 1112 2199 malum
1147 2149 1279 2199 inde
1315 2150 1668 2211 sequeretur,
1694 2146 1918 2198 scilicet
1950 2147 2191 2199 rebellio
2216 2149 2278 2199 et
2298 2147 2688 2199 inobedientia
2720 2148 2922 2198 contra
2943 2147 3147 2212 ipsum3

700 2229 917 2281 sciebat
951 2230 1125 2289 enim,
1152 2231 1303 2292 quod
1327 2229 1464 2281 Ioab
1501 2235 1561 2281 et
1592 2230 1824 2294 Abisay,
1851 2231 2034 2282 frater
2056 2243 2214 2290 suus,
2240 2232 2406 2281 erant
2440 2229 2523 2281 ita
2552 2231 2818 2293 potentes
2841 2230 2902 2280 in
2926 2227 3147 2295 populo,

700 2312 854 2375 quod
896 2312 1164 2375 poterant
1209 2313 1282 2363 ad
1331 2325 1393 2364 se
1440 2311 1673 2364 trahere
1720 2314 1900 2363 totam
1949 2311 2222 2363 miliciam
2267 2313 2326 2363 et
2368 2325 2474 2376 per
2522 2324 2877 2375 consequens
2934 2311 3040 2375 sibj
3086 2311 3150 2361 de

698 2394 851 2443 lacto
889 2394 1183 2453 resistere,
1222 2394 1272 2443 si
1304 2392 1582 2444 voluisset
1614 2406 1714 2444 eos
1747 2394 1975 2458 punire.
2009 2392 2103 2444 Sic
2137 2393 2312 2444 etiam
2347 2393 2553 2455 Dauid,
2590 2395 2656 2444 ut
2687 2394 2849 2458 patet
2869 2392 2902 2442 2
2929 2393 3150 2458 Reyum.

701 2488 825 2538 cap.
867 2474 947 2535 19,
986 2476 1176 2539 ipsum
1228 2475 1437 2539 Semej,
1480 2488 1642 2527 reum
1682 2475 1941 2527 criminis
1995 2475 2115 2526 lese
2168 2476 2503 2535 maiestatis,
2545 2476 2751 2539 punire
2790 2474 3152 2540 pretermisit,

702 2556 922 2609 scilicet
956 2570 1028 2610 ne
1064 2571 1169 2608 sua
1201 2558 1423 2622 punitio
1457 2557 1662 2610 suisset
1696 2558 1921 2609 occasio
1956 2558 2191 2609 maioris
2214 2557 2371 2622 malj,
2398 2556 2620 2608 scilicet
2639 2570 2850 2623 magne
2873 2556 3154 2609 scissionis

702 2641 903 2690 contra
936 2640 1142 2691 Dauid.
1180 2639 1315 2692 Istis
1369 2641 1542 2692 etiam
1585 2640 1793 2692 alludit
1851 2640 2089 2691 verbum
2134 2638 2464 2703 philosophi
2507 2640 2540 2688 2
2571 2636 2827 2700 Politice,
2879 2639 2942 2689 19
2975 2653 3094 2704 cap.
3140 2651 3152 2687 ε

704 2741 730 2764 ι·
757 2720 1090 2780 sinendum,
1118 2742 1144 2766 ‚-
1182 2722 1388 2786 inquit,
1434 2743 1460 2766 ι·
1488 2724 1730 2787 quedam
1766 2721 1938 2784 mala,
1975 2723 2037 2773 et
2069 2720 2500 2788 legislatoribus
2535 2723 2594 2774 et
2627 2721 3023 2787 principibus:
3052 2733 3153 2772 non

703 2804 858 2855 enim
893 2805 1113 2855 tantum
1147 2805 1411 2869 proderit
1446 2806 1540 2870 quj
1577 2806 1911 2866 mutauerit,
1940 2805 2214 2867 quantum
2249 2805 2479 2856 nocebit
2501 2804 2856 2869 principibus
2879 2802 3154 2856 rebellare

703 2899 1057 2938 assuescens.
1096 2886 1278 2937 Causa
1312 2900 1474 2952 ergo,
1512 2900 1690 2949 quare
1724 2888 2026 2952 pontifices
2061 2889 2123 2938 et
2156 2887 2447 2951 principes
2483 2886 2737 2937 nundum
2760 2887 3158 2950 processerunt

704 2968 775 3019 ad
812 2968 1170 3031 punitionem
1203 2967 1673 3033 Flagellatorum,
1708 2970 1823 3020 fuit
1854 2982 2074 3027 eorum,
2111 2969 2387 3031 quantum
2421 2968 2495 3019 ad
2528 2982 2851 3030 numerum,
2879 2970 3158 3032 quantitas

705 3050 957 3113 copiosa,
985 3064 1095 3113 que
1132 3051 1392 3116 tangitur
1425 3051 1485 3101 in
1522 3051 1798 3111 themate,
1832 3064 1963 3102 cum
1999 3050 2210 3101 dicitur
2237 3066 2250 3102 z
2284 3064 2387 3117 per
2421 3065 2612 3102 omnes
2641 3053 2972 3116 prouincias
3006 3050 3159 3117 νᾶφυ·

704 3133 789 3198 cuj
812 3130 1116 3198 dispersus.
1149 3130 1335 3183 Exodi
1357 3132 1389 3181 5
1409 3132 1482 3195 (3)
1509 3147 1523 3183 :
1554 3153 1579 3174 ι
1606 3132 1917 3197 Dispersus
1942 3134 2031 3184 est
2052 3131 2298 3197 populus
2322 3145 2498 3196 super
2521 3146 2746 3184 omnem
2772 3133 3008 3184 terram.
3036 3155 3060 3176 n

773 3213 905 3276 Dixj
953 3213 1031 3275 3⁰,
1081 3214 1234 3277 quod
1282 3214 1538 3279 tangitur
1582 3215 1858 3278 ipsorum.
1909 3217 2183 3278 quantum
2230 3214 2303 3265 ad
2343 3214 2622 3275 affectum,
2661 3215 2884 3266 vanitas
2921 3215 3160 3273 curiosa,

708 3310 838 3346 cum
880 3295 1090 3346 dicitur
1133 3311 1145 3346 :
1193 3299 1360 3347 nouis
1402 3302 1558 3348 vtem
1598 3295 1815 3364 legibus
1853 3303 1903 3348 et
1943 3296 2282 3363 cerimong’y‘s.
2328 3297 2419 3348 Ad
2463 3298 2745 3360 quandam
2791 3297 2944 3349 enim
2991 3297 3156 3361 animi

709 3377 1018 3428 vanitatem
1071 3380 1130 3428 et
1178 3378 1571 3429 curiositatem
1616 3379 1890 3442 pertinet,
1944 3379 2069 3429 sine
2124 3391 2336 3444 magna
2384 3379 2724 3430 necessitate
2781 3379 2876 3431 uel
2923 3378 3160 3432 vtilitate

711 3458 951 3511 notabili
991 3460 1255 3523 antiquas
1295 3458 1454 3526 leges
1495 3462 1554 3511 et
1595 3460 1992 3512 obseruantias
2032 3460 2338 3513 immutare
2371 3462 2431 3512 et
2471 3474 2650 3512 nouas
2689 3462 2963 3513 inducere
3000 3475 3014 3513 ε
3056 3460 3158 3510 hoc

711 3541 864 3595 enim
888 3541 1272 3605 periculosum
1307 3544 1396 3594 est
1426 3542 1745 3607 rejpublice
1782 3543 1841 3594 et
1875 3543 2160 3594 nociuum.
2206 3541 2331 3594 Hoc
2366 3543 2556 3594 innuit
2590 3542 2967 3607 philosophus
3001 3544 3033 3592 2
3058 3543 3155 3594 Ρο-

709 3624 879 3688 litice,
941 3623 1000 3673 19
1056 3638 1201 3688 cap„
1255 3624 1350 3689 ubj
1413 3623 1715 3676 Politicam
1783 3624 2094 3689 Ypodamj,
2164 3623 2235 3677 de
2302 3624 2522 3676 honore
2585 3625 2934 3676 conterendo
2987 3636 3153 3674 nouas

709 3706 869 3772 leges
920 3707 1258 3770 inuenientj,
1307 3706 1680 3772 redarguens,
1730 3707 1870 3757 dicit
1914 3708 1997 3757 ita
2039 3726 2052 3756 ι
2104 3727 2130 3749 ι·
2166 3705 2336 3758 facile
2381 3709 2604 3759 mutare
2655 3721 2728 3758 ex
2785 3707 3149 3759 existentibus

707 3788 935 3854 legibus
976 3788 1047 3839 ad
1087 3788 1297 3840 alteras
1338 3788 1500 3853 leges
1540 3802 1738 3848 nouas,
1782 3790 1872 3840 est
1908 3790 2101 3840 lacere
2143 3787 2389 3840 debilem
2430 3787 2578 3855 legis
2616 3790 2914 3856 virtutem3
2942 3813 2968 3836 κ
3009 3800 3146 3843 nam,

711 3874 776 3922 ut
811 3871 1071 3922 innuitur
1108 3870 1340 3928 ibidem,
1381 3869 1541 3936 leges
1580 3884 1852 3935 magnum
1890 3871 2069 3922 robur
2107 3870 2321 3922 habent
2360 3884 2434 3923 ex
2472 3871 2905 3931 consuetudine,
2940 3873 2999 3924 et
3029 3870 3146 3921 ideo

712 3967 826 4003 non
850 3955 983 4003 sunt
1004 3953 1273 4003 mutande
1295 3951 1563 4005 faciliter.
1602 3952 1888 4018 Tangitur
1922 3965 2062 4018 ergo
2099 3953 2422 4017 huiusmodj
2461 3952 2910 4020 Flagellatorum
2943 3953 3150 4005 curiosa

713 4036 952 4099 vanitas,
977 4049 1106 4087 cum
1131 4034 1340 4085 dicitur
1365 4049 1379 4084 ε
1404 4037 1570 4087 nouis
1592 4041 1744 4087 veens
1769 4034 1983 4101 leqibus
2007 4042 2058 4087 et
2081 4035 2421 4103 cerimoniis.

783 4360 857 4424 (1)
890 4360 921 4409 3
962 4361 1173 4426 Reyum
1207 4360 1259 4424 3,
1295 4359 1346 4410 8.

783 4442 856 4504 (2)
889 4442 922 4490 2
958 4441 1173 4508 Reyum
1210 4440 1291 4500 18,
1330 4441 1411 4491 16.

785 4525 858 4589 (3)
895 4521 1080 4575 Exodi
1114 4525 1164 4583 5,
1206 4525 1287 4575 12.
