3526 5522
846 561 940 614 106
1872 560 2080 614 ANNO
2117 560 2244 612 1460

834 726 1008 785 tione,
1031 725 1473 791 interrogentur,
1502 736 1677 787 quare
1700 723 2057 783 revocabant,
2087 726 2147 776 et
2180 724 2305 789 quis
2329 726 2590 776 suaserit.
2617 725 2790 784 Tunc,
2819 726 2869 776 si
2906 726 2981 777 nil
3015 724 3225 789 amplius

832 807 1129 860 intendant
1156 818 1398 870 querere
1431 806 1667 866 iudices,
1704 806 2021 857 arrestandi
2055 808 2188 858 sunt
2220 820 2474 873 prorsuS,
2510 805 2650 859 alias
2690 811 2843 860 esset
2875 820 3153 872 processus
3179 810 3226 858 in

830 889 1133 948 infinitum,
1159 890 1290 948 etc„
1315 901 1613 954 processus
1637 888 1913 939 infinitus.

1527 1067 1607 1118 10.
1645 1066 1729 1120 De
1763 1066 2075 1121 mrceribus
2109 1075 2160 1120 et
2193 1070 2575 1122 incarceratis.

895 1200 1153 1254 Provisio
1188 1201 1402 1265 optima
1433 1200 1493 1251 et
1525 1200 1583 1251 in
1619 1200 1744 1251 iure
1779 1201 1946 1252 cauta
1978 1200 2315 1252 adhibeatur
2347 1202 2501 1251 circa
2533 1214 2793 1254 carceres
2816 1204 2876 1253 et
2898 1202 3046 1265 quod
3066 1200 3232 1252 fideles

827 1285 944 1336 sint
966 1297 1160 1335 omnes
1182 1282 1444 1335 custodes
1466 1295 1567 1334 seu
1591 1284 2011 1334 commanentes
2029 1283 2088 1333 in
2112 1283 2436 1335 carceribus
2459 1285 2519 1335 et
2539 1284 2704 1348 probi
2726 1299 2793 1335 ac
2817 1284 2961 1336 bene
2985 1284 3155 1335 affecti
3176 1283 3231 1334 ad

825 1366 1139 1424 materiam,
1158 1379 1270 1416 non
1295 1364 1532 1429 supecti,
1552 1366 1681 1424 etc..
1703 1366 1763 1415 et
1785 1365 1935 1428 quod
1958 1365 2296 1416 incarcerati
2315 1380 2428 1417 non
2446 1366 2613 1418 simul
2632 1367 3063 1425 communicent,
3076 1379 3231 1429 neque

823 1448 1131 1500 extrinseci
1164 1446 1466 1511 complices
1489 1447 1588 1498 aut
1608 1446 1857 1498 accusati
1881 1458 1985 1511 per
2007 1461 2069 1498 se
2094 1449 2191 1498 aut
2211 1460 2315 1511 per
2338 1448 2727 1500 internuncios
2749 1448 2839 1500 vel
2865 1448 3099 1505 litteras,
3123 1451 3230 1501 etc„

826 1543 1111 1581 accessum
1145 1529 1390 1580 habeant
1423 1529 1493 1579 ad
1523 1541 1805 1587 carceres,
1829 1528 1889 1579 et
1911 1529 2060 1592 quod
2085 1530 2275 1581 omnia
2297 1532 2518 1582 secreta
2540 1532 2866 1594 teneantur3
2894 1530 3034 1582 alias
3065 1542 3233 1593 seque-

825 1614 1024 1664 rentur
1056 1612 1520 1663 inconveniencia
1541 1611 1736 1672 multa,
1762 1611 2067 1675 presertim
2090 1613 2139 1662 si
2164 1613 2559 1664 accusaciones
2581 1611 2824 1664 aliorum
2846 1612 3232 1674 revelarentur3

825 1695 1017 1759 posset
1039 1694 1188 1745 enim
1214 1694 1392 1756 sequi,
1418 1695 1569 1745 inter
1595 1695 1809 1752 cetera,
1834 1694 2188 1758 conspiracio
2213 1696 2273 1746 et
2293 1696 2626 1759 procuracio
2650 1693 2891 1747 alicuius
2913 1695 3049 1747 mali
3070 1695 3234 1747 adver-

826 1790 922 1828 sus
957 1777 1171 1828 iudices
1206 1780 1302 1827 aut
1335 1789 1453 1832 eos,
1479 1777 1576 1840 qui
1610 1790 1671 1828 se
1705 1776 2093 1827 intromittunt
2126 1777 2185 1827 in
2209 1777 2464 1829 materIa.
2492 1778 2565 1831 Et
2588 1779 2739 1836 nota,
2766 1778 2963 1837 lector,
2991 1777 3233 1830 verisimi-

826 1858 975 1917 liter,
998 1859 1146 1923 quod
1171 1859 1386 1909 detenti
1409 1859 1468 1909 in
1491 1858 1818 1910 carceribus
1834 1858 1980 1910 bene
2016 1860 2283 1920 accusati,
2310 1861 2358 1910 si
2384 1874 2496 1911 non
2520 1865 2710 1913 essent
2731 1861 3172 1912 confortaciones
3188 1862 3235 1910 et

823 1956 969 1993 nova
1001 1940 1369 2005 quothidiana
1401 1943 1499 1992 aut
1531 1954 1661 2006 spes
1697 1941 1830 1992 data
1871 1942 1930 1991 in
1968 1942 2486 1994 communicacione
2527 1944 2596 1994 ad
2635 1956 2915 2003 carceres,
2951 1946 3052 1996 aut
3086 1943 3131 1993 si
3164 1942 3231 1993 eis

823 2024 1190 2076 exhiberetur
1214 2022 1485 2074 obscurus
1507 2036 1704 2075 carcer
1726 2026 1786 2075 et
1807 2025 2032 2075 austere
2067 2025 2341 2083 viverent,
2367 2027 2467 2076 aut
2499 2027 2945 2078 transferrentur
2977 2027 3037 2077 in
3070 2024 3229 2076 villam

823 2104 1010 2166 aliam,
1046 2107 1240 2157 forsan
1275 2119 1438 2156 suum
1472 2119 1663 2158 casum
1697 2107 2044 2170 faterentur3
2081 2107 2140 2157 et
2173 2107 2321 2163 dato,
2353 2108 2504 2170 quod
2541 2122 2840 2172 numquam
2874 2123 3066 2160 casum
3096 2120 3231 2159 suum

823 2188 1217 2247 confiteantur,
1244 2199 1314 2240 ex
1338 2202 1449 2250 quo
1474 2190 1606 2239 sunt
1629 2187 1883 2253 legitime
1908 2190 2172 2249 accusati,
2196 2190 2424 2254 impune
2449 2203 2561 2242 non
2587 2191 2794 2243 debent
2817 2192 2995 2251 abire,
3022 2194 3123 2243 etc.

828 2386 908 2437 ll.
951 2384 1031 2439 De
1074 2384 1445 2453 abneqacione
1483 2392 1530 2438 st
1568 2386 1964 2438 retractacione
2007 2388 2098 2440 sui
2136 2401 2314 2453 casus,
2354 2394 2415 2439 ut
2453 2362 2767 2456 plurimam
2812 2390 2877 2440 in
2917 2394 3117 2452 mor-m
3146 2402 3231 2455 per

1329 2482 1691 2537 quoscumque
1722 2472 1902 2522 sciam
1934 2467 2248 2522 sacerdotes
2279 2466 2772 2524 administrentur.

887 2617 1015 2670 Non
1032 2618 1119 2669 est
1134 2616 1472 2678 mirandum,
1492 2615 1540 2666 si
1558 2616 1618 2667 in
1639 2615 1825 2668 morte
1847 2613 2158 2667 valdenses
2178 2616 2462 2683 abnegent
2484 2631 2648 2669 suum
2671 2632 2885 2679 casum,
2912 2618 3232 2684 appellantes

824 2700 893 2752 de
927 2699 1208 2752 iudicibus
1244 2699 1316 2750 ad
1350 2698 1600 2750 divinum
1639 2698 1912 2749 iudicium
1945 2700 2004 2750 et
2030 2697 2301 2760 dicentes,
2328 2700 2476 2764 quod
2512 2700 2568 2751 vi
2602 2701 2850 2752 confessi
2885 2702 3018 2752 sunt
3048 2702 3103 2752 et
3132 2699 3233 2750 sine

818 2797 989 2836 causa
1025 2784 1366 2842 moriuntur,
1393 2785 1522 2840 etc„
1560 2782 1919 2834 nominantes
1959 2780 2122 2832 dulce
2163 2796 2370 2834 nornen
2411 2782 2611 2834 Ihesus
2647 2786 2705 2835 et
2740 2784 3063 2836 invocantes
3099 2796 3231 2834 sanc·

817 2867 927 2925 tos,
952 2867 1082 2925 etc..
1109 2868 1168 2917 et
1190 2864 1341 2929 quod
1362 2864 1593 2929 capiunt
1616 2864 1675 2915 in
1699 2864 1917 2915 animas
1941 2877 2158 2922 eorum,
2185 2865 2334 2928 quod
2358 2878 2659 2929 numquam
2695 2867 2931 2917 suerunt
2953 2866 3230 2918 Valdenses

821 2950 882 3000 et
914 2949 997 3000 sic
1028 2947 1228 3000 volunt
1249 2947 1414 3006 mori,
1442 2948 1778 2999 excusantes
1824 2946 1988 3010 alioS‚
2024 2949 2084 2997 et
2116 2948 2339 3011 quando
2380 2949 2573 3014 magni
2607 2949 2793 3000 rabini
2829 2953 2963 3001 sunt
2995 2950 3053 3000 in
3085 2951 3228 3002 secta,

816 3032 1119 3097 proterunt
1155 3029 1330 3082 verba
1367 3029 1708 3093 sequencia:
1755 3027 2002 3080 “Ihesus
2043 3031 2232 3081 autem
2273 3030 2584 3082 transsiens
2618 3044 2723 3096 per
2760 3032 3008 3083 medium
3031 3030 3228 3083 illorum

818 3114 957 3173 ibat,
979 3137 1004 3160 .-
1032 3114 1314 3177 quoniam,
1340 3114 1405 3164 ut
1427 3113 1562 3163 satis
1585 3112 1790 3164 scitum
1815 3113 1904 3164 est
1921 3124 1955 3162 a
1971 3109 2163 3162 multis
2188 3113 2440 3177 expertis
2458 3115 2515 3164 et
2533 3113 2592 3163 in
2610 3114 2944 3165 tractatibus
2968 3115 3229 3179 scriptum,

817 3197 867 3248 si
891 3197 1157 3263 egrotent
1187 3195 1498 3248 valdenses
1531 3207 1636 3261 per
1667 3207 1894 3247 menses
1930 3194 2027 3245 aut
2061 3195 2182 3246 dies
2216 3195 2424 3247 multos
2459 3197 2517 3246 in
2548 3194 2700 3248 lecto
2737 3211 2860 3255 suo,
2898 3211 3009 3248 non
3045 3194 3229 3247 detenti

817 3291 924 3345 per
963 3278 1247 3330 iusticiam
1280 3279 1339 3330 et
1373 3278 1534 3341 quasi
1573 3278 1935 3338 miraculose,
1971 3281 2128 3331 motu
2163 3279 2416 3344 propri0,
2458 3279 2593 3330 tacti
2629 3292 2662 3330 a
2700 3279 2842 3338 Dec,
2885 3279 2943 3330 in
2983 3277 3231 3344 principio

814 3361 1155 3427 egritudinis
1189 3361 1567 3412 confiteantur
1600 3361 1827 3428 integre
1861 3363 2040 3414 eciam
2073 3363 2239 3413 istam
2280 3363 2489 3414 sectam
2528 3363 2587 3413 et
2618 3360 2941 3413 realitatem
2975 3362 3095 3412 eius
3125 3370 3229 3409 cum

813 3442 1128 3505 maleficiis,
1151 3443 1358 3502 tamen,
1388 3444 1522 3507 quia
1545 3443 1748 3494 demon
1775 3445 2020 3497 maxime
2045 3444 2347 3496 insidiatur
2365 3443 2652 3508 calcaneo,
2672 3445 2731 3495 id
2754 3446 2844 3495 est
2868 3444 2966 3495 flni
2991 3446 3051 3496 et
3069 3439 3233 3495 morti.

813 3526 885 3578 ad
908 3526 1256 3578 devorandas
1290 3527 1525 3584 animas,
1551 3527 1712 3577 iuxta
1740 3529 2014 3591 punctum
2036 3527 2254 3585 mortis,
2284 3527 2515 3577 evocato
2551 3527 2864 3587 sacerdote,
2892 3525 3232 3592 suggestione

816 3609 1072 3660 demonis
1102 3608 1450 3661 revocabunt
1481 3607 1803 3660 realitatem
1830 3611 1889 3660 et
1914 3609 2207 3660 veritatem
2230 3608 2395 3659 istius
2428 3610 2581 3660 secte
2604 3609 2763 3674 prius
2786 3622 2891 3673 por
2915 3621 3013 3660 eos
3036 3608 3232 3658 confes-

814 3693 954 3753 sate,
976 3693 1040 3743 ut
1060 3691 1360 3743 mendaces
1385 3692 1498 3742 sint
1522 3692 1580 3743 et
1602 3692 1885 3743 consessio
1910 3692 2136 3758 integra
2160 3703 2271 3742 non
2291 3691 2382 3741 sit.
2406 3690 2480 3741 Et
2505 3691 2709 3747 dicent,
2732 3705 2794 3742 se
2811 3691 2893 3742 ita
2910 3690 3231 3754 sompniasse

812 3778 872 3828 et
895 3790 1006 3826 non
1030 3788 1157 3827 esse
1178 3787 1394 3833 verum,
1422 3775 1574 3839 quod
1597 3776 1768 3827 antea
1800 3774 2045 3825 confessi
2069 3775 2202 3825 sint.
2228 3773 2301 3825 Et
2324 3774 2475 3824 idem
2509 3773 2797 3838 reperitur
2828 3774 3152 3836 frequenter
3171 3769 3229 3818 de

809 3857 1234 3924 condempnatis
1276 3857 1346 3908 ad
1387 3869 1646 3909 carceres
1692 3858 2017 3923 perpetuos,
2064 3857 2196 3907 dum
2235 3857 2557 3906 moriuntur
2596 3856 2655 3906 in
2695 3868 2943 3916 carcere,
2990 3850 3233 3907 revocant

811 3942 1002 4007 itaque
1038 3941 1246 4001 omnia,
1283 3941 1348 3991 ut
1380 3939 1539 4004 prius
1576 3940 1634 3990 in
1670 3941 1854 3991 morte
1894 3938 2204 3991 valdenses
2244 3939 2461 4003 sepius3
2504 3940 2624 3989 tum
2658 3939 2862 4003 primo,
2888 3938 2945 3988 in
2986 3937 3229 4001 despectu

813 4024 1000 4083 huius,
1028 4024 1179 4088 quod
1202 4022 1541 4080 moriuntur,
1569 4023 1628 4072 et
1650 4022 1954 4086 aliquando
1989 4023 2183 4072 forsan
2217 4021 2328 4071 tuit
2361 4021 2444 4072 eis
2481 4021 2611 4072 data
2645 4034 2773 4086 spes
2805 4020 2864 4070 in
2900 4019 3152 4073 examine
3176 4015 3233 4066 de

812 4108 1008 4172 gracia
1028 4107 1088 4158 et
1119 4104 1513 4155 misericordia
1545 4102 1807 4163 ecclesie,
1834 4105 1894 4157 et
1925 4104 2058 4155 inde
2092 4102 2395 4168 sperabant
2430 4117 2542 4154 non
2577 4103 2752 4166 mori;
2788 4102 3055 4161 secundo,
3081 4109 3230 4165 opere

817 4187 1093 4246 demonis,
1121 4187 1218 4249 qui
1251 4186 1527 4250 imprimit
1549 4186 1609 4237 in
1642 4185 1946 4237 fantasiam
1979 4198 2174 4236 eorum
2211 4186 2270 4236 et
2302 4199 2372 4236 ex
2411 4185 2782 4249 consequenti
2805 4185 2863 4236 in
2887 4183 3230 4239 intellectum,

816 4270 880 4319 ut
902 4267 1226 4333 intelligant
1258 4269 1318 4319 et
1349 4268 1602 4319 iudicent
1634 4268 1784 4334 apud
1817 4281 1897 4325 se,
1936 4267 2159 4332 decepti
2199 4270 2408 4326 tamen,
2453 4267 2603 4331 quod
2639 4268 2688 4319 si
2722 4268 3006 4334 denegent
3046 4263 3229 4320 omnia,

813 4364 926 4402 non
966 4350 1300 4413 morientur,
1342 4350 1442 4401 sed
1485 4350 1833 4402 reducentur
1874 4363 1978 4416 per
2021 4350 2304 4401 iusticiam
2354 4349 2667 4402 secularem
2711 4351 2770 4401 in
2816 4350 3025 4414 villam,
3071 4349 3125 4399 et
3166 4346 3233 4394 ita

810 4433 1134 4485 efficiuntur
1171 4432 1489 4494 mendaces,
1516 4434 1756 4496 periuri,
1785 4431 2257 4485 excommunicati
2281 4434 2340 4484 et
2371 4434 2610 4498 peccant
2640 4432 2974 4484 mortaliter.
3003 4430 3076 4482 Et
3096 4431 3228 4480 tunc,

805 4516 1032 4573 iusticia
1051 4516 1357 4580 propterea
1379 4529 1492 4566 non
1518 4514 1930 4575 dissimulante,
1956 4516 2280 4567 moriuntur
2313 4515 2634 4580 periculose
2665 4516 2723 4566 in
2749 4517 2895 4566 statu
2925 4514 3019 4565 illo
3043 4515 3228 4564 etcum

809 4599 937 4658 hoc,
964 4599 1026 4649 ut
1057 4596 1385 4662 plurimum,
1413 4599 1580 4650 antea
1602 4612 1713 4649 non
1752 4598 1942 4650 omnia
1976 4598 2244 4649 dixerunt
2277 4599 2461 4661 quoad
2495 4611 2556 4649 se
2592 4599 2651 4650 et
2684 4596 2825 4649 alios
2861 4595 3110 4660 requisiti
3140 4602 3230 4657 per
