3526 5522
766 588 864 639 100
1797 591 2006 643 ANNO
2047 589 2172 641 1460

756 756 1178 811 accusaverunt,
1224 754 1602 817 obsequentes
1650 756 1906 818 demoni3
1951 769 2061 819 que
2100 756 2503 807 excusaciones
2545 756 2693 820 apud
2735 756 2913 807 bonos
2950 756 3084 807 viros
3117 760 3167 807 et

756 850 960 904 graves
995 836 1150 888 nulle
1185 839 1336 895 sunt,
1362 851 1489 887 cum
1524 839 1799 904 suggestu
1836 838 1895 889 et
1916 838 2295 902 promissione
2319 851 2491 903 super
2517 852 2715 890 omnes
2740 839 2995 903 superius
3016 840 3166 890 tactas

758 921 1164 984 promissiones
1189 934 1317 971 cum
1343 921 1582 971 demone
1606 919 2057 985 singularissime
2083 921 2268 971 eidem
2290 921 2680 986 promiserint,
2707 921 2900 987 sepius
2930 922 2983 973 in
3013 923 3169 972 morte

758 1003 840 1054 ita
871 1004 1153 1067 praticare
1186 1005 1246 1054 et
1278 1005 1470 1055 tacere
1505 1003 1575 1055 ad
1605 1003 1747 1054 fines
1783 1003 2023 1054 interius
2059 1004 2258 1065 tactos,
2286 1004 2759 1067 quemadmodum
2792 1005 3010 1063 iniuste.
3033 1002 3170 1054 utin

759 1085 986 1136 mortali
1010 1087 1241 1150 peccato
1267 1086 1562 1145 decedant,
1589 1100 1752 1137 suum
1787 1087 1846 1136 in
1882 1087 2066 1138 morte
2106 1086 2421 1138 diffitentur
2454 1089 2513 1138 et
2548 1087 2761 1152 negant
2794 1100 2980 1138 casum
3010 1099 3170 1143 suum,

760 1168 1012 1220 dicentes
1036 1169 1227 1221 omnia
1248 1170 1303 1221 vi
1329 1171 1546 1223 torture
1569 1170 1802 1229 dixisse,
1831 1171 1941 1221 etc.

758 1348 809 1398 8.
849 1348 1295 1416 Calumpniande
1316 1365 1427 1401 non
1450 1359 1578 1404 sunt
1597 1353 1976 1404 accueaciones
2000 1353 2140 1418 facte
2160 1368 2261 1419 per
2296 1351 2595 1406 Valdenses
2617 1352 2687 1404 de
2710 1354 2831 1407 suis
2853 1350 3178 1419 complicibus

826 1448 895 1483 ex
928 1448 1009 1491 eo,
1036 1431 1184 1501 quod
1209 1431 1467 1485 nonnulli
1489 1432 1700 1494 dicunt,
1726 1434 1988 1486 demones
2012 1436 2073 1486 in
2097 1436 2628 1503 conyreyacionibus
2663 1435 3017 1488 Valdensium
3033 1449 3178 1501 posse

827 1522 1210 1581 representare
1239 1523 1287 1566 et
1320 1516 1634 1585 confinyere
1658 1515 1910 1569 homines
1933 1520 2109 1570 eciam
2133 1521 2451 1572 innoeentes
2476 1527 2523 1570 ee
2547 1521 2849 1571 nescientes
2869 1519 3180 1584 experimen·

829 1597 1016 1650 taliter
1038 1599 1203 1650 istam
1225 1606 1444 1651 sectam.

829 1731 972 1783 Tum
1006 1732 1118 1783 ista
1140 1733 1324 1796 prima
1347 1733 1596 1792 racione,
1622 1735 1774 1797 quod
1799 1734 2109 1787 Valdenses
2133 1736 2563 1798 frequentantes
2585 1733 3063 1800 congregaciones
3086 1745 3181 1781 non

763 1815 1031 1865 accusant
1053 1815 1341 1873 demones,
1369 1829 1510 1878 quos
1533 1816 1714 1867 eciam
1745 1818 2098 1882 cognoscunt
2119 1831 2225 1882 per
2250 1818 2495 1875 nomina,
2524 1819 2587 1867 ut
2608 1816 2990 1880 presidentem
3014 1814 3183 1864 demo·

763 1911 890 1948 nem
916 1897 975 1948 et
995 1896 1308 1949 familiares
1333 1899 1602 1951 demones
1628 1913 1728 1951 seu
1754 1899 2155 1951 sollicitatores
2192 1901 2530 1964 apparentes
2557 1900 2612 1949 in
2648 1899 2839 1962 specie
2873 1897 3109 1948 humana
3137 1896 3184 1946 et

761 1980 1075 2031 servientes
1093 1981 1151 2030 in
1173 1994 1368 2032 mensa
1389 1980 1477 2032 vel
1500 1982 1762 2033 sedentes
1782 1997 1886 2047 pro
1912 1983 2115 2047 copula
2138 1997 2266 2033 cum
2286 1982 2440 2045 aliis3
2465 1995 2647 2045 neque
2667 1983 2935 2031 accusant
2952 1979 3185 2029 homines

760 2062 987 2125 penitus
1023 2062 1129 2113 sibi
1167 2062 1306 2114 alias
1344 2064 1587 2130 ignot08‚
1627 2078 1769 2128 quos
1804 2065 1998 2116 vident
2031 2066 2090 2116 in
2132 2066 2587 2131 congregacione
2622 2067 2678 2114 et
2715 2064 2977 2114 nesciunt
3012 2072 3186 2111 eorum

764 2145 1024 2207 nomina;
1052 2158 1192 2210 ergo
1218 2144 1401 2196 solum
1426 2150 1693 2198 accusant
1716 2162 1834 2203 eos,
1862 2162 2002 2211 quos
2026 2152 2380 2213 cognoscunt
2403 2161 2528 2198 esse
2554 2145 2814 2196 homines
2850 2147 2910 2196 et
2942 2144 3023 2195 eis
3047 2145 3188 2193 notos

766 2226 936 2278 aliter
970 2240 1138 2291 quam
1171 2242 1276 2292 per
1312 2229 1491 2279 visum
1527 2230 1586 2280 in
1611 2231 2084 2295 congregacione.
2113 2229 2349 2288 Quando
2374 2230 2525 2280 enirn
2551 2229 2821 2279 accusant
2843 2240 2944 2278 eos
2968 2225 3189 2289 descrip-

767 2311 901 2371 tive,
945 2310 1150 2361 nedum
1190 2314 1542 2377 cognoscunt
1588 2326 1686 2364 eos
1727 2326 1830 2376 per
1870 2312 2051 2364 visum
2091 2314 2149 2364 in
2192 2312 2662 2378 congregacione,
2702 2310 2845 2362 alias
2888 2307 3191 2361 accusarent

768 2406 964 2445 omnes
983 2393 1052 2444 de
1071 2395 1542 2458 congregacione,
1566 2395 1665 2445 sed
1685 2395 1865 2446 eciam
1885 2396 2149 2448 viderunt
2172 2396 2347 2447 cosin
2368 2395 2598 2445 munde.
2625 2394 2764 2444 Cum
2788 2406 2926 2444 vero
2950 2392 3191 2443 accusant

765 2489 865 2527 eos
889 2474 1241 2535 nominatim,
1265 2477 1470 2528 nedum
1491 2481 1844 2543 cognoscunt
1862 2493 1961 2530 eos
1984 2492 2088 2543 per
2108 2478 2289 2529 visum
2308 2478 2365 2529 in
2390 2476 2846 2542 congregacione
2870 2474 2959 2527 vel
2985 2472 3188 2527 mundo.

765 2559 867 2609 sed
891 2559 1070 2610 eciam
1094 2572 1198 2622 per
1232 2560 1484 2610 auditum
1510 2562 1569 2611 et
1591 2575 1694 2626 per
1718 2560 2161 2612 collocucionem
2197 2574 2323 2611 cum
2361 2558 2445 2611 eis
2480 2560 2579 2611 aut
2612 2559 2681 2611 de
2717 2558 2803 2609 eis
2840 2558 2900 2609 et
2931 2556 3190 2608 interdum

766 2654 871 2705 per
905 2640 1166 2706 copulam
1203 2641 1487 2693 carnalem
1523 2643 1582 2694 in
1607 2645 1817 2694 mundo
1843 2643 1932 2695 vel
1958 2645 2018 2694 in
2043 2642 2499 2709 congregacione
2525 2643 2621 2693 aut
2644 2642 2890 2703 utroque
2915 2639 3096 2695 modo,
3116 2634 3191 2687 vel

766 2737 873 2790 per
897 2725 1394 2777 conversacionem
1418 2727 1477 2776 et
1499 2726 1946 2779 familiaritatem
1974 2725 2218 2791 aliquam
2244 2739 2371 2777 cum
2397 2725 2481 2777 eis
2517 2724 2574 2776 in
2608 2723 2819 2775 mundo
2857 2722 2957 2774 aut
2982 2731 3192 2785 congre·

768 2806 1029 2872 gacione,
1054 2807 1141 2858 vel
1167 2808 1302 2871 quia
1336 2809 1621 2859 duxerunt
1655 2824 1753 2860 eos
1787 2810 1971 2874 primo
1998 2811 2067 2861 ad
2092 2812 2301 2861 sectam
2330 2811 2388 2860 et
2410 2808 2926 2873 congregacionem
2949 2804 3039 2856 vel
3064 2801 3194 2853 ducti

770 2891 904 2940 sunt
943 2889 1013 2940 ab
1053 2890 1169 2953 eisg
1211 2890 1500 2941 instruens
1541 2893 1691 2942 enim
1734 2896 1794 2943 et
1834 2893 2143 2943 instructus
2189 2892 2380 2955 sepius
2421 2888 2587 2941 simul
2632 2889 2845 2940 vadunt
2879 2888 2950 2939 ad
2984 2898 3194 2951 congre-

773 2972 1070 3036 gacionem
1095 2975 1153 3023 et
1175 2972 1417 3024 redeunt
1441 2975 1510 3024 de
1535 2975 2010 3040 congregacione.

839 3053 981 3104 Tum
1002 3056 1252 3105 secunda
1268 3057 1498 3107 racione
1516 3056 1659 3108 tales
1675 3057 1983 3109 valdenses
2003 3059 2269 3109 accusant
2286 3054 2767 3108 certitudinaliter
2784 3054 3195 3115 homines,quos

772 3138 1013 3187 noscunt
1035 3150 1105 3186 ex
1127 3136 1250 3187 sola
1273 3141 1746 3205 congregacione,
1772 3140 2038 3203 quoniam
2069 3139 2255 3191 sciunt
2278 3152 2477 3190 eorum
2502 3137 2731 3188 nomina
2764 3138 2823 3187 et
2856 3134 3044 3194 villas,
3066 3132 3195 3184 unde

772 3219 922 3276 sunt,
961 3219 1091 3277 etc„
1141 3233 1210 3271 ex
1258 3220 1451 3272 auditu
1497 3225 1558 3273 et
1610 3221 1999 3275 collocucione
2045 3236 2145 3273 seu
2190 3219 2649 3279 conversacione,
2696 3219 2754 3270 et
2804 3233 2919 3270 non
2957 3213 3199 3270 accusant

773 3302 1060 3362 demones,
1087 3315 1230 3365 quos
1263 3306 1506 3355 noscunt
1537 3318 1608 3356 ex
1643 3305 1767 3356 sola
1800 3305 2256 3370 congregacione
2292 3302 2626 3355 nominatim
2652 3315 2723 3352 ex
2747 3301 2946 3352 auditu
2971 3303 3029 3352 et
3049 3296 3197 3350 collo·

774 3384 1012 3435 cucione
1031 3398 1131 3436 seu
1149 3387 1588 3439 conversacione
1612 3388 1670 3439 in
1694 3388 2169 3454 congregacione,
2195 3387 2253 3437 in
2278 3386 2526 3437 humana
2547 3385 2735 3450 figura
2758 3382 2838 3434 ibi
2862 3381 3198 3448 apparentes-

777 3465 932 3532 Ergo
957 3466 1183 3532 signum
1206 3470 1311 3529 est,
1339 3471 1491 3532 quod
1513 3473 1781 3522 accusant
1803 3469 1955 3521 solos
1974 3468 2232 3521 homines
2256 3470 2315 3520 et
2336 3469 2489 3532 quod
2511 3480 2645 3519 vere
2668 3467 2728 3518 et
2743 3463 3198 3517 certitudinaliter

777 3549 1107 3601 discernunt
1140 3551 1199 3603 et
1233 3551 1592 3619 distinguunt
1622 3553 1777 3605 inter
1809 3553 2070 3604 homines
2097 3552 2156 3604 et
2177 3551 2467 3609 demones,
2493 3550 2645 3602 inter
2670 3548 2823 3600 viros
2846 3549 2908 3599 et
2930 3544 3196 3613 dyabolos.

777 3632 931 3684 inter
953 3632 1222 3686 mulieres
1246 3636 1306 3685 et
1322 3632 1613 3699 dyabolas,
1639 3636 1702 3685 ut
1724 3634 1968 3687 interius
1993 3635 2146 3687 clare
2169 3633 2407 3699 patebit.

844 3714 905 3767 Si
937 3729 1072 3768 vero
1106 3716 1215 3780 illi,
1253 3717 1352 3781 qui
1384 3717 1646 3768 nituntur
1679 3717 2068 3783 calumpniare
2105 3715 2500 3768 accusaciones
2531 3712 2900 3766 valdensium
2940 3712 3112 3765 factas
3144 3707 3202 3758 de

778 3798 908 3851 aliis
930 3799 1320 3866 complicibus,
1344 3801 1629 3854 adducant
1662 3799 1944 3866 exempla,
1971 3800 2241 3865 quoniam
2275 3799 2336 3850 in
2369 3797 2532 3849 libris
2566 3796 2830 3861 exempla
2863 3797 3001 3847 sunt
3030 3790 3200 3850 multa,

779 3883 1085 3948 dignentur
1107 3885 1167 3936 et
1188 3886 1392 3937 curent
1407 3886 1646 3947 quotare
1663 3883 1875 3936 librum
1893 3885 1953 3935 et
1968 3897 2218 3948 passum,
2239 3882 2335 3933 ubi
2353 3881 2542 3946 primo
2562 3882 2621 3932 et
2636 3875 3002 3946 originaliter
3015 3886 3203 3941 ponun-

781 3966 874 4018 tur
896 3965 997 4019 illa
1021 3967 1300 4032 exempla,
1327 3969 1391 4019 ut
1411 3968 1731 4030 videantur,
1751 3967 1824 4018 ad
1842 3967 1994 4030 quod
2015 3965 2371 4030 propositum
2392 3965 2453 4015 et
2469 3964 2541 4015 ad
2561 3976 2730 4027 quem
2754 3962 2927 4014 finem
2952 3974 3077 4012 cum
3096 3954 3202 4009 aliis

779 4050 1132 4115 respectibus
1155 4052 1216 4102 et
1236 4049 1680 4102 circumstanciis
1702 4049 2037 4107 recitantur,
2066 4050 2141 4107 et,
2169 4061 2297 4099 cum
2321 4047 2429 4099 Dei
2453 4047 2667 4112 gracia,
2696 4045 2928 4097 dabitur
2953 4044 3023 4096 ad
3054 4036 3202 4105 quod·

781 4130 922 4184 libet
945 4133 1285 4197 exemplum,
1310 4146 1413 4198 pro
1438 4132 1840 4185 satisfaciendo
1865 4132 2200 4195 cuicumque
2237 4129 2494 4196 poscenti
2516 4130 2827 4186 racionem,
2854 4125 3131 4178 sufficiens
3158 4118 3206 4169 et

783 4213 1030 4278 speciale
1046 4228 1401 4280 responsum,
1422 4217 1483 4268 et
1498 4215 1652 4267 clare
1671 4215 1889 4267 videbit
1909 4213 2092 4265 omnis
2111 4212 2300 4271 home,
2323 4212 2473 4275 quod
2494 4209 2759 4276 exempla
2773 4208 2876 4260 illa
2892 4223 3007 4260 non
3023 4198 3207 4257 habent

779 4294 968 4348 locum
990 4297 1048 4349 in
1072 4312 1207 4350 casu
1228 4299 1699 4365 congregacionis
1734 4296 2128 4360 Valdensium,
2160 4296 2242 4346 ita
2265 4296 2327 4346 ut
2360 4308 2434 4345 ex
2468 4294 2551 4346 eis
2585 4291 2967 4357 calumpniari
2998 4281 3208 4355 possunt

782 4381 882 4432 aut
902 4379 1177 4433 minorari
1196 4382 1440 4434 debeant
1460 4380 1860 4433 accusaciones
1883 4392 1987 4444 per
2012 4377 2323 4430 Valdenses
2345 4377 2495 4428 facte
2522 4375 2593 4426 de
2615 4373 3006 4440 complicibus.

851 4462 1135 4515 Demones
1168 4465 1321 4517 enim
1354 4465 1414 4516 in
1449 4463 1640 4528 aliquo
1675 4476 1811 4513 casu
1844 4463 2085 4527 possunt
2115 4460 2516 4524 representare
2550 4458 2810 4509 homines
2846 4456 2917 4509 ad
2940 4456 3104 4506 finem
3123 4459 3206 4541 ees

788 4545 1128 4611 decipiendi,
1158 4548 1275 4599 Deo
1301 4547 1684 4613 permittente,
1712 4546 1773 4597 et
1795 4544 2024 4595 modum
2047 4540 2442 4608 possibilitatis
2464 4540 2651 4592 sciunt
2671 4539 2782 4590 viri
2804 4537 2975 4599 docti,
2998 4532 3206 4601 potism-

791 4642 946 4682 mum
984 4628 1044 4681 in
1084 4642 1373 4683 sacrarum
1412 4629 1733 4685 litterarum
1773 4626 1989 4693 pericia
2026 4624 2255 4685 eruditi,
2280 4626 2340 4678 et
2377 4625 2437 4677 in
2471 4623 2590 4675 suis
2627 4620 3007 4674 voluminibus
3048 4613 3203 4668 lacius
