3526 5522
754 602 850 655 146
1787 597 1996 652 ANNO
2032 596 2162 649 1487

748 768 905 820 tione
928 764 1212 831 repellere
1235 765 1346 817 nisi
1369 764 1519 824 sunt,
1546 763 1821 829 quantum
1842 762 2017 816 etiam
2037 764 2099 816 in
2124 763 2527 817 exterminium
2547 762 2936 816 maleficarum
2968 762 3164 814 debitos

749 851 949 903 modos
970 848 1352 903 sententiandi
1369 848 1429 901 et
1443 847 1672 901 easdem
1693 845 1988 913 puniendi,
2007 846 2170 899 iuxta
2191 847 2341 899 dicte
2363 845 2519 899 bulle
2544 848 2805 900 tenorem
2821 847 2882 899 et
2901 859 3165 898 sacrorum

752 946 1032 987 canonum
1054 931 1333 992 instituta,
1352 929 1705 983 laborarunt.
1715 929 1794 982 At
1810 929 2077 994 quoniam
2097 944 2406 982 consonum
2422 930 2642 982 racioni
2658 930 2768 994 est,
2779 928 2843 982 ut
2859 942 2947 993 ea,
2957 942 3059 994 que
3076 942 3166 994 pro

754 1014 1040 1069 communi
1073 1013 1319 1067 utilitate
1353 1013 1514 1073 flunt,
1540 1013 1712 1066 etiam
1744 1013 2031 1065 communi
2065 1013 2479 1079 approbacione
2513 1013 2811 1064 doctorum
2832 1012 3169 1070 roborentur,

755 1098 907 1163 ideo,
944 1111 1016 1151 ne
1048 1097 1260 1163 prefati
1291 1097 1546 1148 rectores
1579 1092 1782 1147 discoli
1815 1097 1876 1147 et
1905 1094 2293 1161 predicatores
2327 1109 2618 1147 sacrarum
2650 1094 2972 1148 litterarum
3001 1093 3171 1161 ignari

756 1181 1108 1239 estimarent,
1155 1178 1475 1246 predictum
1513 1179 1834 1238 tractatum,
1871 1177 1953 1228 sic
1992 1179 2055 1229 ut
2091 1178 2442 1242 premittitur
2478 1176 2799 1237 collectum,
2826 1178 3009 1230 minus
3042 1177 3173 1229 bene

753 1265 1048 1317 doctorum
1069 1261 1640 1316 determinationibus
1659 1260 1721 1314 et
1752 1260 2052 1313 sententiis
2074 1259 2355 1326 fulcitum,
2379 1262 2622 1314 eundem
2655 1259 2804 1314 alme
2838 1258 3174 1313 universitati

753 1346 1079 1400 Coloniensi
1112 1358 1214 1399 seu
1249 1342 1538 1397 nonnullis
1572 1343 1785 1396 ibidem
1819 1356 1981 1395 sacre
2013 1343 2222 1410 pagine
2245 1344 2662 1408 professoribus
2685 1344 2759 1395 ad
2780 1343 3175 1396 discutiendum

753 1432 814 1484 et
833 1428 1322 1482 collacionandum
1340 1426 1689 1487 obtulerunt,
1709 1428 1793 1486 ut,
1818 1427 1869 1478 si
1892 1439 2005 1491 qua
2026 1426 2502 1491 reprehensibilia
2523 1428 2582 1480 et
2605 1441 2640 1479 a
2653 1425 2935 1480 catholica
2953 1426 3175 1479 veritate

755 1513 985 1565 dissona
1022 1511 1415 1577 reperirentur
1457 1523 1657 1563 eorum
1694 1510 1884 1561 iudice
1925 1509 2009 1561 sic
2060 1511 2468 1570 refutarentur,
2508 1510 2660 1574 quod
2715 1511 2905 1562 tamen
2947 1523 3181 1560 consona

754 1593 1033 1648 catholice
1053 1594 1282 1647 veritati
1304 1593 1775 1659 approbarentur.
1797 1592 1959 1654 Quod
1982 1592 2042 1644 et
2063 1592 2397 1658 subscriptis
2419 1593 2601 1644 modis
2622 1594 2837 1645 factum
2857 1593 2986 1644 fuit.

819 1678 887 1731 In
910 1678 1129 1743 primis,
1169 1676 1440 1744 egregius
1478 1676 1740 1728 dominus
1782 1675 2118 1727 Lambertus
2157 1675 2228 1727 de
2275 1674 2470 1728 Monte
2505 1688 2674 1727 manu
2713 1689 2819 1728 sua
2860 1675 3088 1741 propria
3126 1687 3182 1726 se

757 1760 1109 1826 subscripsit,
1156 1761 1328 1826 prout
1367 1759 1664 1824 sequitur:
1715 1779 1742 1800 ι
1768 1758 1913 1826 Ego.
1960 1757 2296 1810 Lambertus
2340 1758 2412 1810 de
2457 1757 2671 1819 Monte,
2705 1771 2869 1811 sacre
2910 1756 3181 1824 theologie

758 1843 990 1896 humilis
1045 1843 1355 1908 professor,
1397 1843 1643 1894 decanus
1691 1854 1799 1907 pro
1845 1842 2103 1906 tempore
2155 1838 2444 1893 facultatis
2488 1853 2649 1894 sacre
2691 1840 2901 1907 pagine
2942 1841 3181 1893 eiusdem

758 1927 933 1979 studii
955 1924 1328 1985 coloniensis,
1353 1926 1539 1978 fateor
1561 1924 1670 1977 hac
1691 1938 1863 1975 manu
1895 1937 2026 1976 mea
2045 1924 2295 1989 propria,
2320 1923 2493 1976 istum
2514 1925 2817 1976 tractatum
2852 1924 3183 1989 tripartitum

758 2023 863 2076 per
884 2023 976 2062 me
999 2007 1301 2060 lustratum
1322 2009 1384 2060 et
1419 2007 1727 2073 diligenter
1748 2005 2177 2059 collationatum
2211 2007 2397 2070 quoad
2431 2007 2555 2059 eius
2586 2009 2780 2073 partes
2812 2007 2953 2059 duas
2983 2005 3183 2073 primas

761 2090 936 2143 nichil
960 2090 1273 2150 continere,
1299 2088 1489 2142 saltim
1522 2102 1649 2142 meo
1683 2087 1889 2140 humili
1921 2088 2152 2152 iudicio,
2177 2089 2327 2152 quod
2361 2089 2438 2141 sit
2457 2090 2828 2152 contmrium,
2853 2091 2953 2142 aut
2973 2090 3182 2142 senten·

763 2174 858 2226 tiis
893 2187 1006 2224 non
1041 2173 1354 2225 errantium
1387 2171 1876 2239 philosophorum.
1910 2175 2011 2225 aut
2041 2173 2242 2224 contra
2272 2171 2573 2225 veritatem
2605 2174 2799 2225 sancte
2830 2171 3107 2225 catholice
3135 2172 3187 2224 et

764 2254 1074 2322 apostolice
1096 2256 1250 2314 fidei,
1275 2257 1374 2308 aut
1394 2256 1596 2307 contra
1616 2256 1913 2307 doctorum
1935 2255 2437 2308 determinationes
2461 2268 2497 2308 a
2517 2257 2714 2308 sancta
2735 2254 2978 2309 ecclesia
2997 2268 3186 2321 appro-

763 2340 1026 2391 batorum
1049 2340 1146 2391 aut
1175 2338 1582 2402 admissorum;
1617 2338 1799 2390 tercia
1819 2337 1990 2390 etiam
2014 2350 2147 2402 pars
2170 2335 2367 2401 utique
2390 2338 2722 2390 sustinenda
2750 2339 2811 2391 et
2842 2337 3190 2405 approbanda

765 2421 897 2490 [est]
933 2421 1118 2486 quoad
1149 2418 1383 2472 illorum
1420 2420 1804 2472 hereticorum
1840 2419 2196 2486 puniciones,
2228 2420 2301 2472 de
2340 2420 2545 2484 quibus
2584 2421 2809 2483 tractat,
2841 2422 2903 2473 in
2932 2421 3188 2487 quantum

766 2505 943 2558 sacris
966 2503 1276 2557 canonibus
1300 2517 1414 2555 non
1446 2503 1748 2570 repugnat.
1772 2502 1990 2555 Iterum
2026 2504 2264 2569 propter
2301 2502 2693 2568 experimenta
2724 2504 2785 2555 in
2817 2503 2929 2557 hoc
2960 2505 3189 2557 mmm

765 2589 1013 2647 narrata,
1054 2599 1165 2652 que
1208 2587 1407 2650 utique
1450 2587 1687 2651 propter
1724 2587 1934 2638 famam
1973 2586 2259 2638 tantorum
2297 2585 2552 2638 virorum
2592 2586 2994 2654 precipuorum
3032 2586 3190 2639 etlam

765 2671 1165 2737 inquisitorum
1187 2669 1498 2722 creduntur
1520 2681 1648 2721 esse
1667 2681 1823 2728 vera,
1848 2667 2254 2721 consulendum
2279 2670 2468 2722 tamen
2485 2669 2729 2732 videtur,
2754 2670 2904 2735 quod
2926 2669 3037 2723 iste
3060 2671 3188 2721 trac·

767 2755 918 2808 tatus
951 2753 1133 2806 doctis
1167 2753 1226 2806 et
1256 2752 1395 2804 viris
1421 2750 1642 2814 zelosis,
1668 2752 1767 2817 qui
1798 2766 1868 2805 ex
1901 2766 1970 2805 eo
1994 2765 2150 2813 sana,
2173 2751 2334 2804 varia
2353 2752 2413 2806 et
2432 2753 2657 2806 matura
2675 2752 2916 2807 consilia
2936 2753 2997 2806 in
3018 2753 3192 2808 exter·

767 2836 1005 2890 minium
1036 2835 1420 2888 maleficarum
1454 2837 1716 2888 conferre
1748 2837 2006 2900 possunt,
2042 2836 2510 2901 communicetur,
2544 2834 2712 2889 simul
2745 2837 2807 2890 et
2837 2836 3194 2890 ecclesiarum

769 2920 1087 2972 rectoribus
1105 2919 1385 2970 timoratis
1409 2920 1468 2970 et
1488 2918 1919 2971 conscientiosis
1937 2919 2228 2978 duntaxat,
2248 2920 2319 2970 ad
2343 2932 2584 2983 quorum
2604 2920 2920 2972 doctrinam
2950 2921 3194 2973 subdito·

767 3016 894 3054 rum
916 3002 1091 3054 corda
1111 3001 1170 3052 in
1192 3001 1384 3053 odium
1402 3002 1516 3052 tam
1533 3000 1807 3067 pestifere
1829 3000 2048 3053 heresis
2071 3000 2298 3052 incitari
2331 3002 2618 3067 poterunt,
2639 3003 2711 3053 ad
2730 3002 3008 3055 cautelam
3034 3003 3192 3054 bono·

765 3099 895 3137 rum
927 3084 1144 3150 pariter
1177 3083 1237 3136 et
1268 3082 1546 3135 malorum
1580 3081 2131 3136 inexcusabilitatem
2166 3084 2335 3148 atque
2369 3084 2751 3149 punicionem‚
2776 3086 2840 3137 ut
2871 3085 2955 3137 sic
2988 3085 3196 3138 miseri·

767 3167 964 3219 cordia
995 3167 1054 3218 in
1089 3166 1253 3217 bonis
1287 3167 1346 3218 et
1379 3165 1599 3218 iustitia
1628 3166 1690 3217 in
1722 3164 1890 3218 malis
1924 3164 2051 3220 luce
2084 3165 2294 3218 clarius
2327 3169 2537 3233 pateat,
2571 3169 2632 3219 et
2665 3168 2725 3220 in
2761 3168 3021 3221 omnibus
3056 3168 3193 3220 Deus

767 3252 1180 3320 magnificetur,
1207 3252 1331 3318 ipso
1362 3253 1672 3318 prestante,
1697 3252 1793 3304 cui
1825 3252 1950 3305 laus
1972 3254 2034 3305 et
2054 3251 2259 3320 gloria.
2287 3274 2313 3299 n
2351 3253 2569 3306 Deinde
2594 3253 2665 3304 ad
2687 3254 2841 3306 idem
2864 3251 3193 3307 venerabilis

765 3335 1041 3402 magister
1075 3335 1324 3388 Jacobus
1345 3335 1419 3387 de
1462 3334 1688 3411 Sti-alen
1728 3335 1903 3387 etiam
1924 3335 2159 3401 propria
2179 3348 2350 3388 manu
2373 3350 2478 3389 sua
2509 3348 2571 3388 se
2593 3336 2931 3403 subscripsit
2962 3338 3024 3389 in
3057 3336 3195 3388 hunc

769 3419 999 3470 modum
1024 3431 1040 3469 ε
1078 3436 1104 3461 κ
1130 3417 1275 3485 Ego,
1296 3417 1544 3471 «Iacobus
1568 3419 1641 3471 de
1674 3417 1920 3479 Stralen,
1945 3431 2106 3470 sacre
2145 3416 2438 3485 theologie
2459 3420 2751 3485 professor
2770 3420 3061 3485 minimus,
3081 3419 3199 3486 post

772 3500 1160 3553 visitacionem
1194 3502 1468 3553 tractatus
1502 3500 1800 3553 memorati
1833 3500 2018 3553 sentio
2052 3501 2404 3553 conflrmiter
2435 3515 2541 3569 per
2573 3502 2767 3555 omnia
2797 3502 2928 3568 hiis,
2963 3515 3074 3568 que
3105 3514 3198 3568 per

772 3583 1156 3637 venerabilem
1189 3583 1523 3650 magistrum
1560 3584 1818 3636 nostrum
1850 3583 2214 3636 Lambertum
2237 3584 2309 3638 de
2331 3584 2544 3647 Monte,
2569 3585 2846 3637 decanum
2866 3599 3029 3639 sacre
3052 3585 3196 3638 theo-

772 3666 947 3733 logie,
986 3668 1249 3732 superius
1289 3667 1559 3719 annotata
1596 3668 1749 3731 sunt,
1785 3666 1935 3731 quod
1974 3667 2213 3719 attestor
2252 3668 2359 3720 hac
2396 3667 2680 3734 scriptura
2717 3680 2917 3720 manus
2956 3682 3102 3729 mee,
3135 3667 3196 3719 ad

772 3749 880 3801 Dei
912 3748 1156 3801 laudem.
1195 3772 1221 3797 η
1249 3749 1648 3802 Pariformiter
1679 3748 1923 3801 eximius
1955 3749 2233 3817 magister
2260 3750 2518 3803 Andreas
2550 3750 2623 3804 de
2661 3750 3008 3804 ochsenfurt
3038 3751 3197 3803 etiam

769 3831 1004 3899 propria
1023 3845 1193 3885 manu
1219 3847 1282 3885 se
1299 3831 1635 3898 subscripsit
1654 3832 1720 3883 ut
1739 3831 1894 3883 infra
1917 3844 1933 3882 :
1958 3851 1986 3876 κ
2010 3832 2395 3886 conformiter
2410 3832 2603 3893 michi,
2621 3832 2851 3887 Andree
2868 3835 2942 3887 de
2964 3833 3199 3888 ochsen-

770 3916 909 3975 furt,
947 3928 1108 3968 sacre
1147 3913 1438 3981 theologie
1475 3915 1790 3981 professori
1831 3915 2158 3976 novissimo,
2205 3915 2432 3970 videtur
2472 3917 2818 3970 censendum
2861 3917 2934 3971 de
2971 3915 3199 3971 materia

777 3997 954 4050 oblati
987 4000 1280 4059 tractatus,
1305 4000 1578 4064 quantum
1610 3998 1798 4065 prima
1827 3999 1975 4053 facie
2009 4000 2290 4066 apparuit,
2324 4000 2477 4066 quod
2514 4001 2805 4053 contestor
2840 4013 3043 4054 manus
3086 4011 3199 4052 mee

776 4081 1059 4147 scriptura
1080 4081 1151 4132 ad
1174 4082 1346 4134 finem
1366 4083 1425 4134 in
1449 4083 1651 4136 eodem
1672 4096 2006 4148 expressum
2028 4084 2490 4147 promovendum.
2519 4105 2545 4130 n
2570 4083 2997 4148 consequenter
3027 4085 3198 4137 autem

777 4165 1047 4230 egregius
1068 4164 1340 4230 magister
1363 4165 1611 4219 Thomas
1634 4164 1703 4218 de
1728 4164 1919 4218 Scotia
1939 4164 2205 4218 similiter
2238 4180 2299 4219 se
2331 4166 2765 4232 propria.manu
2798 4180 2903 4220 sua
2933 4167 3201 4231 subscrip·

776 4247 868 4305 sit,
905 4250 1076 4311 prout
1108 4247 1367 4312 sequitur
1392 4262 1407 4300 ι
1445 4267 1472 4293 ι
1498 4248 1641 4315 Ego,
1678 4247 1928 4301 Thomas
1960 4249 2032 4301 de
2067 4247 2275 4309 Scotia,
2311 4262 2471 4302 sacre
2504 4247 2795 4317 theologie
2829 4250 3051 4314 doctor,
3077 4249 3199 4300 lieet

774 4329 1111 4391 immeritus,
1156 4331 1529 4384 conformiter
1573 4332 1759 4384 sentio
1807 4344 1913 4398 per
1957 4333 2149 4385 omnia
2189 4331 2608 4386 venerabilibus
2653 4333 2946 4400 magistris
3004 4332 3198 4388 nostris

774 4413 1210 4477 precedentibus
1240 4414 1300 4466 in
1337 4414 1578 4468 materia
1608 4414 1819 4481 prefati
1851 4416 2126 4469 tractatus
2159 4429 2264 4481 per
2295 4429 2386 4468 me
2420 4414 2742 4477 examinati,
2781 4417 2933 4481 quod
2973 4415 3198 4468 attestor

780 4509 952 4547 manu
972 4497 1209 4561 propria
1228 4511 1371 4550 mea.
1400 4519 1429 4544 s·

849 4577 1270 4643 Subsequenter
1290 4582 1348 4632 et
1370 4580 1618 4633 secunda
1649 4581 1992 4646 subscriptio
2026 4582 2227 4634 contra
2255 4582 2508 4645 prefatos
2542 4581 2928 4645 predicatores
2959 4581 3199 4634 incautos

785 4662 869 4714 sic
890 4662 1019 4714 acta
1035 4662 1165 4714 fuit.
1189 4662 1257 4720 In
1278 4663 1496 4728 primis,
1519 4664 1693 4730 positi
1713 4665 1949 4718 fuerunt
1969 4662 2214 4724 articuli,
2232 4664 2406 4729 prout
2434 4664 2722 4729 sequitur:
