3526 5522
1210 583 1419 637 ANNO
1456 583 1601 644 1335,
1640 582 1789 646 1337,
1830 582 1956 633 1349
2738 585 2801 637 13

364 753 617 808 diversos
649 752 709 805 et
740 749 826 804 eis
863 747 1066 804 merito
1101 748 1490 804 formidandos
1515 760 1818 812 processus
1841 747 2228 814 contraipsos
2264 748 2504 800 duxerat
2537 749 2802 802 emitten-

362 835 485 900 dos;
529 847 769 899 nosque,
816 833 941 898 ejus
985 831 1244 898 vestigiis
1288 830 1673 891 inhaerentes,
1726 831 2036 882 secundum
2082 832 2394 883 eorundem
2439 846 2804 897 processuum

360 917 791 976 continentiam,
842 916 1043 966 contra
1087 927 1185 965 eos
1232 914 1291 965 et
1336 926 1535 965 eorum
1583 924 1860 978 personas
1908 914 2131 964 nostros
2183 926 2484 979 processus
2541 916 2803 968 duximus

361 1000 651 1052 iaciendos
684 1012 752 1050 ac
786 998 959 1050 etiam
991 994 1385 1062 publicandos,
1422 996 1571 1047 sicut
1605 995 1746 1048 haec
1781 994 1852 1046 ad
1887 997 2131 1048 vestram
2165 1008 2266 1047 seu
2295 998 2545 1049 vestrum
2567 999 2803 1064 majoris

362 1083 537 1147 partis
563 1081 830 1133 notitiam
855 1079 1152 1132 devenisse
1176 1078 1409 1130 minime
1435 1078 1780 1144 dubitamus,
1806 1080 1980 1148 prout
1996 1078 2139 1131 haec
2165 1083 2225 1133 et
2246 1080 2361 1133 alia
2382 1082 2443 1133 in
2466 1081 2669 1140 literis,
2690 1081 2805 1133 tam

358 1163 815 1231 praedecessoris
842 1163 1022 1213 nostri
1057 1174 1225 1225 quam
1249 1160 1462 1212 nostris
1497 1174 1670 1227 super
1703 1162 1814 1216 hoc
1845 1162 2140 1223 consectiS,
2166 1162 2393 1229 plenius
2415 1163 2802 1216 continentur.

419 1247 653 1304 Verum.
717 1245 871 1310 quia,
929 1245 1103 1309 prout
1165 1244 1236 1295 ad
1293 1243 1547 1296 nostram
1604 1244 1852 1297 relatum
1908 1247 1997 1298 est
2053 1245 2421 1312 audientiam,
2478 1244 2805 1311 huiusmodi

358 1330 653 1383 hominum
698 1327 1022 1395 perniciosa
1078 1326 1149 1379 de
1196 1340 1342 1377 novo
1388 1326 1592 1391 incipit
1637 1328 1780 1380 adeo
1827 1328 1886 1379 in
1934 1328 2132 1379 nostra
2175 1328 2407 1399 civitate
2453 1330 2512 1380 et
2558 1328 2807 1381 dioecesi

357 1411 710 1467 invalescere
745 1410 1067 1470 multitudo,
1106 1411 1188 1471 ut,
1230 1409 1339 1461 nisi
1376 1409 1447 1461 de
1483 1422 1628 1462 novo
1664 1410 1748 1462 eis
1781 1424 1887 1476 per
1908 1411 2291 1476 competentia
2323 1411 2612 1463 contraria
2632 1411 2806 1466 resis-

358 1497 530 1564 tatur,
554 1496 763 1563 pejora
783 1493 1071 1561 prioribus
1095 1491 1352 1558 pericula
1374 1491 1793 1555 subintrabunt,
1815 1492 1994 1555 vobis,
2020 1492 2299 1558 plebanis,
2325 1494 2384 1546 et
2406 1494 2558 1546 vices
2583 1495 2799 1547 vestras

359 1576 711 1642 gerentibus,
739 1574 799 1625 in
833 1573 1045 1624 virtute
1078 1572 1306 1623 sanctae
1345 1570 1704 1623 obedientiae
1740 1573 1801 1623 et
1832 1572 1935 1624 sub
1971 1584 2156 1637 poena
2178 1572 2795 1635 excommunicationis,

361 1659 619 1711 districte
654 1655 1058 1724 praecipiendo
1092 1654 1444 1714 mandamus,
1472 1657 1750 1718 quatenus
1785 1656 1989 1706 contra
2023 1667 2219 1707 omnes
2253 1655 2580 1721 hujusmodi
2614 1658 2796 1708 secta-

361 1752 484 1791 rum
518 1737 803 1799 homines,
838 1734 1174 1802 Beggardos
1208 1735 1268 1786 et
1301 1733 1679 1792 Suestriones,
1718 1734 2031 1786 secundum
2063 1735 2307 1798 praefati
2341 1735 2801 1801 praedecessoris

362 1822 539 1874 nostri
580 1823 642 1874 et
681 1819 1006 1871 nostrorum
1043 1829 1413 1884 processuum
1454 1815 1866 1869 continentiam
1909 1817 2254 1883 procedatis,
2299 1817 2454 1884 ipsos
2497 1831 2800 1883 processus

362 1906 559 1957 contra
592 1916 695 1956 eos
728 1902 789 1954 et
819 1901 975 1967 ipsos
998 1900 1058 1951 in
1085 1900 1282 1951 domos
1306 1912 1438 1951 suas
1460 1899 1824 1963 recipientes,
1850 1899 2331 1952 communicantes
2356 1899 2573 1953 eisdem
2595 1913 2695 1954 seu
2719 1901 2805 1953 eis

363 1987 670 2052 quidquam
704 1984 925 2045 dantes,
963 1996 1185 2035 necnon
1224 1994 1423 2034 eorum
1463 1981 1718 2033 fautores
1759 1981 1820 2034 et
1857 1981 1940 2033 eis
1975 1994 2142 2047 opem
2185 1994 2287 2034 seu
2337 1995 2568 2048 operam
2610 1984 2802 2036 conse·

361 2071 571 2131 rentes,
596 2067 942 2134 procedatis,
966 2077 1178 2129 vosque
1202 2076 1399 2116 omnes
1433 2064 1493 2115 et
1525 2062 1739 2130 singuli
1775 2063 2087 2129 supradicti
2108 2064 2266 2130 ipsos
2301 2065 2513 2117 arctius
2547 2066 2802 2132 evitetis3

364 2153 420 2205 et
450 2153 785 2204 intimamus
806 2149 987 2212 vobis,
1013 2147 1183 2212 quod,
1211 2147 1262 2198 si
1290 2145 1355 2197 in
1386 2146 1705 2211 praemissa
1726 2147 2064 2198 executione
2087 2145 2264 2210 aliqui
2298 2161 2370 2200 ex
2402 2147 2563 2200 vobis
2585 2148 2804 2202 inventi

361 2236 577 2287 suerint
613 2234 842 2286 desides
880 2230 970 2284 vel
1009 2230 1257 2294 remissi,
1299 2230 1500 2281 contra
1537 2228 1682 2282 tales
1721 2241 1830 2294 per
1866 2229 2122 2296 rigorem
2158 2229 2414 2295 justitiae
2460 2231 2584 2284 sine
2630 2231 2800 2284 dubio

362 2319 758 2384 procedemus.

427 2401 633 2453 Datum
655 2398 907 2451 crastino
931 2395 1248 2449 dominicae
1273 2394 1573 2453 Invocavit,
1601 2407 1748 2446 anno
1778 2393 1923 2446 1335.

886 2510 1237 2571 Hartzheim,
1279 2508 1527 2568 Concilia
1566 2508 1919 2576 Germaniae,
1947 2507 2074 2563 deel
2097 2509 2194 2577 IV,
2218 2510 2323 2564 blz.
2345 2511 2802 2577 436(Conci1ium

950 2592 1471 2739 &awgssnno
1496 2592 1879 2653 Mooomv.
1907 2593 2043 2659 Gap.
2062 2594 2147 2644 V:
2176 2592 2378 2649 Cone-a
2399 2592 2731 2663 Beqyardos
2754 2604 2803 2647 et

1378 2881 1486 2949 14
1532 2872 1804 2965 (190bss).

465 3085 679 3156 1337,
753 3077 1037 3146 Ootober
1089 3086 1155 3157 7,
1214 3076 1428 3143 Luik.
1488 3079 1840 3143 Uittreksel
1889 3080 1987 3143 uit
2033 3081 2113 3143 de
2162 3079 2469 3159 synodale
2518 3082 2800 3145 statuten

364 3197 483 3243 van
533 3180 735 3244 Adoli
779 3197 907 3243 van
965 3181 1079 3245 der
1127 3179 1378 3255 marck,
1421 3179 1686 3258 waarbij
1739 3180 1817 3242 de
1865 3179 2162 3259 bisschop
2213 3195 2337 3242 aan
2387 3179 2466 3243 de
2498 3182 2801 3259 priesters

362 3280 645 3343 verbiedt
678 3279 757 3342 de
787 3278 1295 3359 gebanvloekten
1327 3279 1663 3342 tweemaal
1689 3277 2048 3358 gedurende
2080 3278 2158 3346 de
2179 3280 2303 3342 mis
2335 3277 2404 3342 ai
2433 3280 2499 3341 te
2532 3296 2792 3359 roepen,

368 3380 547 3458 tenzij
588 3379 702 3443 het
723 3377 971 3442 Retters
993 3379 1192 3458 geldt.

577 3546 639 3600 N
639 3562 671 3600 e
696 3546 972 3615 presbiter
1004 3545 1251 3617 aliquem
1283 3545 1368 3603 bis
1403 3544 1695 3599 denunciet
1728 3546 1790 3596 in
1823 3545 2001 3601 missa
2034 3545 2590 3601 mommunicatum.

437 3699 451 3714 .
470 3701 482 3713 .
501 3701 515 3713 .
534 3701 547 3715 .
574 3661 742 3721 Item,
770 3676 883 3714 non
907 3662 1208 3714 mandetur
1231 3660 1401 3713 alicui
1426 3661 1614 3712 necin
1639 3659 2050 3725 aggravatione
2071 3660 2336 3725 ponatur,
2356 3659 2508 3725 quod
2531 3661 2801 3734 executor

369 3746 538 3797 sacris
584 3745 820 3797 indutus
867 3758 995 3796 cum
1041 3757 1212 3796 cruce
1257 3745 1316 3795 et
1360 3756 1507 3807 aqua
1550 3742 1853 3794 benedicta
1904 3741 2123 3807 lapides
2167 3742 2434 3807 projiciat
2479 3742 2550 3793 ad
2596 3743 2803 3794 ostium

371 3827 836 3880 excommunicati
860 3825 950 3879 vel
986 3827 1123 3892 quid
1157 3824 1359 3889 simile,
1394 3825 1506 3877 nisi
1527 3826 1679 3877 forte
1701 3826 1905 3876 contra
1925 3823 2211 3876 hereticos
2235 3823 2366 3877 talis
2389 3825 2649 3877 executio
2673 3825 2802 3878 fieri

370 3911 753 3963 mandaretur.

888 4010 1185 4068 Bormans,
1246 4007 1471 4062 Roeueil
1527 4005 1625 4060 des
1680 4004 2067 4060 ordonnances
2124 4005 2193 4059 de
2236 4004 2298 4060 la
2337 4007 2694 4074 principante
2736 4004 2806 4059 de

959 4090 1143 4161 Meas,
1172 4090 1225 4141 1ο
1246 4091 1397 4144 serie
1419 4089 1569 4158 [dael
1593 4087 1665 4158 1],
1695 4086 1806 4140 blz.
1832 4088 1949 4142 242.

1348 4306 1454 4377 15
1502 4299 1725 4391 ‹194¹›¹⁸
1750 4308 1835 4391 α).

475 4515 684 4588 1349,
725 4505 1034 4598 Bruqye.
1086 4507 1435 4577 Uittreksel
1469 4510 1567 4574 uit
1598 4510 1679 4577 de
1712 4508 2036 4577 Fransche
2084 4509 2521 4589 voortzetting
2554 4525 2686 4571 van
2719 4508 2799 4573 de

381 4605 768 4693 chronique
817 4608 939 4677 das
987 4607 1137 4677 rois
1175 4608 1262 4677 de
1301 4608 1574 4675 France
1604 4627 1730 4674 van
1765 4610 2125 4673 Guillaume
2156 4609 2235 4675 de
2267 4609 2536 4689 Nangis‚
2578 4607 2794 4671 behel-
