3526 5522
706 1392 1280 1492 LAATSTE
1349 1391 2146 1493 NAGEKOMEN
2222 1396 2943 1496 STUKKEN<¹>.

1685 1634 1975 1650 ῇ-ᾐ--ᾑ

1598 1893 1761 1960 147
1790 1886 2086 1976 (εὔφη.

712 2093 927 2169 1420,
970 2090 1315 2158 Doornik.
1374 2093 1681 2159 Brokken
1733 2096 1830 2158 uit
1880 2112 1995 2157 een
2047 2093 2431 2173 vlugschrist
2479 2110 2606 2157 van
2654 2094 2733 2156 de
2764 2091 3064 2171 partijge-

610 2195 851 2258 nooten
884 2193 997 2255 der
1032 2193 1381 2281 Hussieten-
1398 2194 1466 2255 in
1499 2192 1602 2256 die
1628 2194 1771 2256 stad
1796 2193 2121 2271 verspreid
2155 2210 2236 2255 en
2270 2193 2432 2257 door
2457 2192 2574 2256 den
2613 2191 2911 2269 bisschop
2936 2207 3064 2252 aan

609 2292 687 2355 de
719 2290 1141 2373 godgeleerde
1175 2287 1495 2354 Faculteit
1527 2307 1654 2355 van
1687 2291 1897 2369 ParijS
1931 2290 2280 2370 gezonden.

611 2492 955 2546 Aeser-tiones
990 2506 1254 2545 erroneae
1285 2499 1336 2545 et
1359 2491 1733 2557 detestandae,
1750 2492 2111 2559 procedentes
2133 2509 2204 2545 eoe
2225 2493 2510 2546 erroribus
2545 2492 2929 2560 Prayemium
2945 2497 3071 2557 post

694 2572 930 2641 Wicleff,
956 2576 1164 2626 missae
1192 2572 1272 2627 ad
1293 2587 1516 2627 sacram
1539 2572 1888 2627 Facultatem
1921 2590 1959 2627 a
1993 2573 2224 2628 domino
2256 2577 2508 2643 episcopo
2554 2574 2891 2627 Tornacemi
2922 2574 3074 2625 circa

677 2671 895 2709 annum
923 2658 1150 2709 Domini
1175 2656 1543 2710 millesimum
1578 2655 2199 2725 quadr-inqentesimum
2221 2659 2574 2724 viqesimum.

677 2789 745 2841 In
781 2790 1010 2842 nomine
1045 2790 1234 2842 Patris
1259 2791 1317 2841 et
1350 2788 1484 2841 Filii
1519 2790 1578 2841 et
1611 2789 1858 2854 Spiritus
1893 2789 2107 2853 Sancti,
2143 2802 2328 2841 amen.
2357 2787 2632 2843 Omnibus
2665 2787 3068 2854 burgensibus,

614 2871 976 2924 manentibus
999 2872 1058 2923 et
1074 2870 1462 2923 habitantibus
1496 2871 1556 2923 in
1578 2870 1718 2923 villa
1751 2872 1812 2924 et
1844 2871 2075 2923 civitate
2109 2870 2480 2931 Tornacensi,
2506 2871 2695 2937 gratia
2717 2871 2794 2921 sit
2816 2871 2974 2922 vobis
3011 2870 3071 2922 et

612 2965 725 3018 pax
749 2965 783 3004 a
806 2953 926 3005 Deo
951 2953 1126 3005 Patre
1153 2953 1349 3004 nostro
1373 2954 1433 3005 et
1456 2953 1698 3004 Domino
1724 2954 1922 3005 nostro
1943 2952 1979 3005 J
1982 2965 2084 3005 esu
2109 2952 2356 3005 Christo.
3011 3014 3018 3018 ⁴

677 3033 819 3086 Cum
840 3035 922 3086 ita
944 3035 1040 3094 sit,
1064 3034 1216 3099 quod
1239 3035 1394 3087 circa
1412 3035 1625 3087 testum
1649 3033 1704 3087 S.
1731 3035 1768 3088 J
1773 3035 2029 3096 ohannis,
2048 3035 2182 3087 anni
2206 3034 2497 3088 millesimi
2518 3034 3069 3101 quadringentesimi

612 3118 672 3170 et
692 3116 963 3177 vicesimi,
997 3115 1176 3181 aliqui
1208 3116 1369 3168 missi
1402 3130 1475 3170 ex
1507 3118 1672 3183 parte
1705 3131 1887 3183 papae
1921 3132 2021 3169 vos
2054 3116 2466 3170 concitaverint
2499 3117 2560 3170 et
2589 3116 3069 3169 inflammaverint

611 3199 813 3251 contra
833 3197 966 3250 illos
990 3199 1061 3250 de
1094 3211 1277 3263 regno
1313 3199 1626 3252 Bohemiae
1660 3201 1720 3252 et
1753 3198 2083 3265 specialiter
2116 3201 2318 3251 contra
2350 3198 2482 3251 illos
2516 3199 2588 3251 de
2610 3200 2817 3266 Praga,
2851 3198 3068 3251 denun-

613 3281 830 3332 ciantes
852 3280 1014 3332 vobis
1037 3294 1138 3333 eos
1172 3282 1372 3333 tenere
1406 3294 1655 3340 errores.
1681 3282 1740 3333 et
1763 3281 2062 3334 destruere
2098 3283 2158 3333 et
2189 3282 2538 3333 succendere
2573 3279 2871 3333 ecclesiam
2904 3293 3071 3344 prae-

615 3363 855 3421 sentem,
879 3364 940 3415 et
962 3362 1114 3426 quod
1137 3363 1242 3414 sub
1265 3363 1468 3414 umbra
1490 3362 1661 3428 hujus
1686 3363 2208 3427 apprehenderunt,
2234 3361 2592 3428 collegerunt
2626 3364 2685 3415 et
2707 3364 3073 3415 extorserunt

617 3456 652 3495 a
683 3443 844 3495 vobis
877 3444 937 3496 et
970 3443 1041 3495 ab
1076 3443 1205 3497 aliis
1238 3442 1434 3495 multis
1467 3457 1738 3510 magnum
1781 3457 2081 3497 numerum
2121 3444 2248 3496 auri
2291 3445 2351 3496 et
2394 3444 2624 3510 argenti
2660 3441 3074 3501 iraudulenter‚

614 3524 763 3576 sicut
784 3538 884 3575 vos
918 3522 1071 3576 ultra
1104 3523 1351 3591 legenda
1381 3524 1646 3590 poteritis
1678 3525 2003 3590 percipere,
2028 3525 2076 3576 si
2113 3524 2234 3577 Deo
2268 3522 2505 3589 placuit.
2529 3525 2605 3577 Et
2638 3525 2790 3588 quod
2812 3536 2939 3589 ego,
2973 3523 3075 3588 qui

614 3606 725 3658 hoc
745 3619 1019 3672 praesens
1043 3620 1185 3671 opus
1222 3606 1337 3659 teci
1370 3620 1501 3658 cum
1536 3605 1750 3657 auxilio
1790 3606 1917 3667 Dei,
1941 3605 2052 3658 hoc
2087 3606 2350 3659 sciverim
2375 3607 2437 3659 et
2457 3606 2832 3672 perceperim,
2854 3605 3074 3659 clerum

615 3701 727 3739 non
757 3687 1132 3740 denunciasse
1166 3700 1274 3740 nec
1307 3687 1706 3739 maniiestasse
1740 3686 1923 3748 vobis,
1959 3700 2287 3751 supremum
2321 3686 2591 3739 vexillum
2630 3686 2793 3752 impii
2816 3688 2875 3739 et
2896 3701 3076 3739 unum

616 3767 774 3821 aliud
796 3782 1125 3833 supremum
1159 3769 1329 3835 regni
1364 3767 1716 3834 Hungariae‚
1752 3768 1812 3819 et
1846 3767 2031 3819 adhuc
2066 3781 2240 3819 unum
2278 3768 2433 3821 aliud
2455 3783 2583 3820 cum
2607 3768 2888 3828 curribus,
2911 3769 3075 3833 equis

611 3854 671 3903 et
691 3851 921 3916 praedis
954 3852 1014 3903 et
1046 3850 1331 3916 aliquibus
1365 3849 1609 3903 multum
1643 3847 1933 3901 nobilibus
1969 3849 2040 3901 de
2075 3850 2197 3901 acie
2231 3849 2596 3914 imperatoris
2631 3864 2757 3902 esse
2781 3852 2978 3915 captos
3011 3853 3072 3903 et

610 3933 883 3985 adductos
904 3946 1010 3998 per
1033 3933 1213 3984 dictos
1232 3933 1554 3999 Pragenses
1578 3932 1637 3983 et
1659 3943 1859 3982 eorum
1884 3931 2092 3982 dictam
2114 3931 2409 3983 civitatum
2425 3931 2580 3983 circa
2601 3929 2791 3985 natale
2807 3932 3069 3997 proxime

615 4029 876 4079 sequens,
901 4028 1011 4080 ego
1033 4013 1195 4066 vobis
1218 4013 1424 4080 scripsi
1445 4014 1552 4065 hos
1575 4013 1912 4078 praesentes
1934 4011 2159 4064 rotulos
2183 4014 2256 4065 ad
2278 4013 2407 4073 hoc,
2433 4013 2586 4077 quod
2609 4013 2680 4065 de
2701 4014 2930 4065 caetero
2955 4028 3069 4065 non

611 4097 802 4148 velitis
824 4110 925 4147 vos
960 4094 1205 4160 amplius
1237 4097 1575 4160 permittere
1609 4094 1805 4146 seduci
1840 4093 1908 4145 ab
1945 4094 2047 4153 eis,
2071 4095 2219 4146 sicut
2238 4109 2339 4146 vos
2361 4095 2552 4146 fuistis
2575 4107 2756 4159 usque
2780 4093 2980 4146 adhuc.
3003 4094 3074 4146 In

617 4177 823 4243 quibus
845 4176 1051 4229 rotulis
1074 4178 1164 4229 est
1195 4179 1465 4230 contenta
1487 4189 1673 4236 causa,
1696 4188 1803 4241 pro
1828 4188 1942 4239 qua
1963 4173 2053 4227 illi
2076 4176 2149 4228 de
2172 4177 2323 4228 dicto
2346 4189 2531 4242 regno
2565 4175 2876 4228 Bobemiae
2910 4175 2972 4228 et
3003 4175 3076 4228 de

617 4261 770 4312 dicta
801 4259 1031 4312 civitate
1067 4259 1350 4326 Pragensi
1382 4258 1600 4312 bellant
1632 4259 1837 4312 contra
1868 4256 2170 4310 ecclesiam
2204 4258 2581 4323 praesentem,
2616 4258 2839 4309 scilicet
2875 4259 3078 4309 contra

1843 4444 2300 4454 u———-

677 4579 749 4645 (1)
786 4578 937 4630 Deze
970 4576 1220 4630 stukken
1256 4577 1486 4631 konden
1518 4579 1580 4630 in
1615 4580 1687 4632 de
1720 4577 2057 4645 algemeene
2079 4576 2557 4646 chronologische
2579 4576 2701 4643 lijst
2722 4574 2850 4640 (blz.
2875 4572 2972 4626 179
2995 4586 3069 4627 en

611 4658 787 4731 νοις.)
822 4660 945 4712 niet
976 4670 1137 4714 meer
1170 4673 1529 4728 opgenomen
1558 4660 1812 4713 worden.
