3526 5522
703 592 797 649 166
1675 599 2176 656 AANHANGSEL

689 764 968 830 apostolo,
1015 767 1080 817 ut
1124 779 1226 818 sue
1270 764 1580 818 stabilitate
1627 766 1761 819 fidei
1811 766 2034 820 ceteros
2077 766 2137 818 in
2184 765 2497 817 christiana
2537 765 2825 833 religione
2892 767 3129 818 firmaret

686 860 996 911 eorumque
1012 849 1233 900 mentes
1254 849 1324 900 ad
1342 847 1541 901 salutis
1559 861 1737 914 opera
1776 862 1877 901 sue
1897 849 2235 901 accenderet
2257 848 2574 901 devotionis
2597 849 2824 908 ardore,
2843 850 3127 901 commisit.

686 929 850 981 Unde
886 944 1008 989 nos,
1035 931 1290 984 eiusdem
1325 929 1567 997 apostoli
1603 932 1811 991 effecti,
1840 932 2177 997 disponente
2201 930 2465 990 Domino,
2491 929 2626 984 licet
2648 932 2921 983 immeriti
2943 945 3120 984 succe-

685 1025 845 1064 sores
869 1013 928 1066 et
951 1012 1130 1078 ipsius
1153 1013 1556 1079 Redemptoris
1589 1011 1779 1065 locum
1812 1014 1873 1064 in
1899 1013 2071 1066 terris
2094 1026 2415 1078 quanquam
2438 1013 2663 1080 indigni
2686 1015 2965 1076 tenentes,
2989 1013 3129 1065 circa

684 1095 882 1162 gregis
917 1096 1171 1148 eiusdem
1211 1096 1527 1149 custodiam
1565 1095 1805 1148 solicitis
1839 1110 2041 1149 vacare
2075 1095 2289 1163 vigiliis
2330 1097 2389 1149 et
2427 1097 2743 1149 animarum
2785 1095 2956 1149 saluti
2988 1096 3126 1162 iugis

686 1178 999 1230 attentione
1044 1179 1409 1246 cogitationis
1454 1179 1773 1239 intendere,
1823 1179 2204 1232 submovendo
2251 1180 2425 1232 noxia
2467 1180 2526 1232 et
2572 1180 2795 1246 agendo
2841 1180 3127 1245 protutura

682 1260 969 1321 debemus,
996 1263 1059 1313 ut
1091 1275 1332 1314 excusso
1368 1277 1403 1315 a
1435 1262 1599 1315 nobis
1633 1261 1987 1329 negligentie
2023 1276 2222 1314 somno
2258 1263 2552 1326 nostrique
2585 1262 2777 1314 cordis
2801 1262 2983 1314 oculis
3005 1261 3126 1313 dili·

679 1344 877 1408 gentia
920 1343 1121 1397 sedula
1163 1343 1533 1411 vigilantibus
1582 1346 1799 1397 animas
1851 1345 1971 1397 Deo
2023 1344 2382 1411 lucrifacere,
2430 1358 2533 1398 sua
2586 1345 2749 1397 nobis
2795 1346 3127 1410 cooperante

677 1427 882 1492 gratia,
907 1426 1196 1480 valeamus
1219 1428 1456 1494 eiusque
1495 1427 1724 1481 Domini
1750 1429 2000 1481 tunicam
2027 1428 2447 1488 inconsutilem,
2472 1430 2832 1482 sacrosancte
2867 1427 3125 1481 videlicet

676 1508 935 1562 Romane
958 1509 1216 1563 Ecclesie
1240 1513 1300 1563 et
1322 1511 1458 1564 fidei
1483 1512 1801 1564 orthodoxe
1824 1512 2097 1564 unitatem
2122 1513 2458 1577 perpetuam
2482 1524 2905 1565 conservemus.

746 1592 893 1645 Sane
911 1593 982 1644 ad
1003 1594 1280 1657 nostrum,
1302 1594 1402 1659 qui
1421 1594 1813 1647 desideranter
1835 1595 1894 1646 in
1912 1595 2059 1647 votis
2083 1595 2356 1660 gerimus,
2377 1596 2440 1646 ut
2456 1594 2599 1647 fides
2615 1594 2903 1647 catholica
2924 1594 3123 1646 nostris

679 1675 1032 1740 temporibus
1054 1678 1427 1741 prosperetur
1444 1679 1504 1730 et
1518 1677 1770 1743 pravitas
1790 1676 2046 1730 heretica
2063 1677 2132 1729 de
2154 1677 2362 1729 finibus
2387 1676 2639 1730 fidelium
2662 1677 3003 1743 extirpetur,
3022 1690 3123 1728 non

679 1757 805 1810 sine
839 1756 1201 1823 displicentia
1233 1760 1439 1826 grandi
1473 1761 1737 1825 pervenit
1770 1760 2047 1825 auditum,
2069 1760 2220 1824 quod
2254 1761 2314 1812 in
2350 1759 2734 1812 Universitate
2757 1760 2935 1812 studii
2958 1759 3122 1811 Lova-

680 1840 913 1902 niensis,
938 1839 1270 1894 Leodiensis
1294 1842 1557 1902 diocesis,
1583 1844 1643 1895 et
1663 1842 2081 1895 circumvicinis
2103 1841 2246 1894 locis
2269 1855 2306 1894 a
2326 1843 2701 1907 quadriennio
2731 1843 2882 1894 citra
2898 1842 3125 1895 luerunt

678 1924 738 1975 et
776 1922 947 1976 hodie
989 1925 1122 1976 sunt
1153 1924 1413 1977 nonnulli
1447 1926 1767 1989 iniquitatis
1797 1925 1921 1985 filii,
1959 1925 2056 1990 qui
2091 1927 2362 1990 quasdam
2394 1924 2587 1989 salsas,
2622 1927 2819 1978 sancte
2852 1923 3122 1978 catholice

677 2005 812 2058 fidei
846 2006 1181 2066 contrarias,
1207 2021 1498 2067 erroneas,
1527 2008 1887 2061 scandalosas
1918 2010 1978 2060 et
2009 2006 2158 2062 male
2193 2009 2459 2061 sonantes
2492 2008 2937 2074 propositiones,
2960 2008 3123 2060 etiam

675 2087 736 2139 in
770 2087 981 2140 scholis
1015 2090 1075 2142 et
1105 2090 1571 2154 frequentissimo
1605 2090 1900 2143 hominum
1933 2091 2084 2150 cetu,
2120 2104 2284 2144 veras
2320 2104 2447 2144 esse
2479 2090 2706 2157 publice
2746 2091 3038 2143 affirmare
3073 2090 3125 2141 et

674 2170 1130 2235 pertinacissime
1153 2174 1475 2227 sustentare
1498 2188 1566 2226 ac
1589 2174 1900 2227 deiendere
1920 2174 2420 2240 apertissimasque
2439 2173 2610 2226 Sacre
2629 2174 2924 2240 scripture
2940 2174 3121 2225 aucto-

676 2253 879 2306 ritates
922 2267 1122 2307 eorum
1167 2256 1460 2308 erroribus
1503 2259 1911 2324 repugnantes,
1952 2255 2182 2309 illarum
2222 2257 2460 2318 rectum,
2510 2256 2726 2308 clarum
2769 2258 2831 2308 et
2872 2264 3124 2321 apertum

680 2348 911 2387 sensum
942 2336 1104 2389 salsis
1138 2350 1332 2390 eorum
1358 2338 1925 2405 interpretationibus
1947 2340 2309 2405 impudenter
2330 2339 2595 2391 instando
2618 2337 2912 2398 refellere,
2937 2337 3122 2389 huius-

678 2418 834 2469 modi
867 2432 1093 2484 quoque
1127 2433 1326 2473 eorum
1360 2420 1507 2474 salsa
1542 2422 1806 2489 dogmata
1826 2422 2181 2475 manifestam
2198 2419 2452 2474 heretice
2474 2422 2771 2487 pravitatis
2792 2420 2981 2473 labem
3005 2433 3126 2472 con·

678 2499 922 2553 tinentia
967 2502 1030 2554 in
1081 2501 1323 2555 aliorum
1361 2504 1584 2557 mentes
1623 2504 1882 2558 inserere
1922 2505 1983 2558 et
2020 2504 2361 2570 simplicium
2400 2504 2617 2556 animas
2654 2503 2971 2568 illaqueare
3018 2515 3121 2554 non

679 2584 1051 2637 erubuerunt.

740 2666 860 2719 Nos
880 2667 1078 2733 igitur,
1103 2669 1411 2735 premissos
1446 2669 1796 2722 execrandos
1830 2682 2058 2722 errores
2089 2668 2239 2722 male
2274 2670 2335 2723 et
2355 2669 2553 2721 contra
2574 2668 2741 2721 fldem
2763 2670 3034 2721 sonantes
3058 2680 3119 2720 ne

674 2751 1066 2818 propagentur
1098 2751 1340 2806 ulterius
1378 2754 1437 2807 et
1468 2752 1645 2807 corda
1678 2751 1934 2806 fidelium
1968 2750 2366 2807 damnabiliter
2387 2753 2772 2819 corrumpant,
2797 2751 3049 2806 evellere
3068 2752 3121 2804 et

675 2832 964 2886 radicibus
1004 2835 1294 2902 extirpare
1334 2836 1647 2901 cupientes,
1685 2836 2035 2889 fraternitati
2073 2839 2191 2897 tue,
2232 2837 2303 2891 de
2344 2850 2455 2901 qua
2493 2837 2555 2888 in
2593 2836 2706 2888 hiis
2745 2837 2805 2889 et
2842 2835 2972 2888 aliis
3013 2848 3120 2887 non

675 2914 962 2969 immerito
1008 2917 1314 2983 specialem
1353 2919 1413 2970 in
1456 2919 1699 2972 Domino
1735 2920 2001 2972 fiduciam
2034 2919 2376 2986 obtinemus,
2415 2932 2521 2985 per
2558 2918 2870 2985 apostolica
2910 2919 3121 2984 scripta

676 2998 1080 3052 committimus
1114 3002 1173 3053 et
1203 3003 1556 3065 mandamus,
1582 3003 1859 3067 quatenus
1892 3003 1963 3055 de
1996 3002 2290 3069 premissis
2314 3002 2574 3054 omnibus
2597 3004 2658 3055 et
2677 3000 2921 3069 singulis
2942 3002 3119 3067 inqui·

675 3093 769 3131 ras
792 3083 1131 3135 auctoritate
1165 3084 1365 3137 nostra
1396 3084 1736 3152 diligencius
1761 3086 2082 3152 veritatem,
2107 3086 2168 3138 et
2188 3100 2329 3151 quos
2352 3098 2457 3151 per
2479 3084 2908 3149 inquisitionem
2929 3084 3117 3136 huius·

674 3162 829 3214 modi
870 3163 1182 3230 culpabiles
1223 3180 1350 3220 esse
1386 3168 1695 3234 repereris,
1733 3168 1784 3219 si
1823 3168 1985 3220 iuxta
2015 3168 2316 3221 canonicas
2350 3168 2672 3221 sanctiones
2706 3169 2767 3220 et
2799 3168 3117 3219 sanctorum

672 3246 901 3310 patrum
923 3247 1184 3301 instituta
1205 3263 1268 3302 se
1290 3250 1595 3303 emendare
1619 3263 1686 3303 ac
1709 3250 1985 3316 depositis
2007 3251 2078 3303 de
2102 3251 2368 3305 cordibus
2391 3263 2590 3303 eorum
2626 3250 2880 3303 totaliter
2912 3250 3116 3302 errori-

671 3327 779 3380 bus
800 3330 1075 3395 predictis
1097 3331 1169 3382 ad
1186 3331 1443 3386 Ecclesie
1460 3333 1754 3395 unitatem,
1776 3333 2034 3387 heretica
2055 3332 2184 3386 labe
2206 3333 2532 3385 huiusmodi
2556 3333 2833 3397 abiurata,
2849 3333 3042 3386 redire
3062 3333 3120 3384 et

671 3409 818 3465 tales
856 3413 1275 3479 propositiones
1320 3429 1447 3469 esse
1485 3415 1874 3483 scandalosas,
1908 3415 2086 3468 talsas
2132 3417 2191 3468 et
2234 3414 2517 3469 hereticas
2558 3430 2623 3467 ac
2661 3414 2810 3468 male
2854 3417 3116 3468 sonantes

671 3494 847 3547 iateri
880 3495 941 3547 et
972 3509 1100 3547 cum
1136 3498 1340 3550 effectu
1363 3500 1429 3550 ut
1449 3497 1592 3551 tales
1614 3500 1873 3552 refutare
1896 3497 2204 3562 noluerint,
2228 3499 2513 3552 hereticos
2537 3498 2828 3551 declarare
2851 3499 2927 3561 et,
2949 3499 3118 3565 prout

673 3577 1119 3644 uniuscuiusque
1136 3594 1334 3634 eorum
1352 3594 1618 3635 excessus
1636 3582 1918 3648 exegerit,
1937 3581 2130 3634 debita
2144 3594 2294 3647 pena
2313 3582 2538 3648 punire,
2563 3581 2761 3634 eadem
2782 3581 3115 3633 auctoritate

675 3674 966 3726 procures.
981 3663 1101 3715 Nos
1119 3665 1272 3717 enim
1289 3664 1395 3717 tibi
1412 3665 1613 3717 contra
1628 3665 1975 3718 affirmantes
1991 3664 2411 3730 propositiones
2428 3663 2750 3716 huiusmodi
2767 3662 2855 3716 vel
2874 3663 3117 3729 aliquam

671 3756 887 3805 earum,
904 3747 963 3798 et
985 3747 1336 3813 generaliter
1351 3749 1553 3801 contra
1573 3761 1960 3813 quoscumque
1978 3747 2264 3802 hereticos
2282 3747 2343 3800 in
2360 3747 2590 3801 civitate
2608 3748 2668 3800 et
2683 3747 2830 3800 dioc.
2848 3747 3113 3801 Leodien.

670 3830 1087 3884 commorantes
1120 3832 1483 3898 protempore
1517 3845 1585 3885 ac
1617 3832 1978 3893 adherentes,
2013 3831 2401 3897 receptatores
2434 3832 2495 3885 et
2532 3830 2861 3885 defensores
2899 3844 3112 3893 eorum,

672 3910 1076 3978 cuiuscumque
1111 3914 1425 3982 dignitatis,
1451 3915 1664 3983 gradus
1695 3915 1788 3968 vel
1822 3914 2165 3967 conditionis
2188 3913 2455 3976 existant,
2479 3915 2541 3968 et
2560 3926 2914 3980 quacumque
2934 3912 3114 3968 eccle·

673 3992 902 4048 siastica
921 3996 1012 4049 vel
1038 3998 1324 4051 mundana
1341 3997 1708 4066 prefulgeant
1739 3998 2019 4065 dignitate
2052 3999 2113 4050 et
2144 3997 2501 4059 auctoritate,
2528 4009 2595 4050 ac
2627 3997 2916 4063 quibusvis
2947 3995 3114 4063 privi-

671 4074 841 4143 legiis
858 4079 974 4132 sint
988 4080 1214 4146 muniti,
1238 4094 1343 4148 per
1360 4082 1418 4134 te
1432 4080 1523 4134 vel
1542 4080 1716 4134 alium
1735 4094 1837 4134 seu
1854 4080 2017 4141 alios,
2037 4094 2178 4146 quos
2202 4080 2433 4134 duxeris
2456 4081 2528 4132 ad
2544 4079 2653 4133 hoc
2670 4080 2807 4134 fidei
2824 4081 3110 4149 negotium

677 4158 1044 4231 deputandos,
1084 4176 1189 4230 per
1233 4165 1670 4228 accusationem,
1713 4164 2200 4218 denuntiationem
2239 4165 2338 4216 aut
2373 4162 2803 4229 inquisitionem
2845 4162 3019 4218 semel
3055 4161 3114 4215 et

672 4240 910 4308 pluries,
934 4245 1104 4298 simul
1126 4246 1216 4300 vel
1239 4247 1557 4302 successive
1578 4247 1927 4314 procedendi
1949 4248 2009 4300 et
2029 4259 2130 4301 eos
2151 4246 2279 4314 capi
2302 4247 2363 4301 et
2394 4246 2739 4300 incarcerari
2758 4246 3022 4308 faciendi,
3046 4257 3111 4297 ac

673 4327 933 4391 repertos
957 4326 1289 4396 culpabiles,
1312 4332 1485 4396 prout
1516 4331 1732 4384 erroris
1767 4329 2010 4396 qualitas
2043 4329 2324 4398 exegerit,
2349 4329 2559 4383 acriter
2580 4329 2878 4396 puniendi,
2901 4331 2958 4382 et
2981 4326 3107 4380 illos

672 4420 738 4459 ac
760 4409 1207 4465 contradictores
1230 4413 1516 4478 quoslibet
1547 4416 1607 4467 et
1637 4412 1906 4474 rebelles,
1930 4426 2036 4480 per
2058 4426 2359 4467 censuram
2381 4411 2681 4466 ecclesiam
2701 4410 3107 4481 compescendi·

670 4488 967 4545 brachium
990 4492 1247 4548 seculare
1265 4509 1372 4563 pro
1395 4495 1599 4549 horum
1623 4496 1875 4550 omnium
1899 4497 1959 4550 et
1981 4496 2422 4563 dependentium
2445 4495 2514 4550 ab
2529 4497 2745 4550 eisdem
2763 4495 3102 4556 executione,

672 4572 724 4626 si
758 4588 901 4641 opus
932 4575 1127 4638 tuerit,
1152 4577 1471 4645 invocandi,
1495 4581 1556 4635 et
1576 4580 1929 4650 generaliter
1951 4579 2144 4632 omnia
2171 4581 2231 4632 et
2262 4579 2504 4648 singula,
2530 4593 2641 4646 que
2659 4580 2722 4633 in
2745 4578 3028 4648 premissis
3049 4578 3107 4630 et

674 4656 828 4713 circa
861 4673 930 4713 ea
961 4662 1285 4717 necessaria
1314 4663 1532 4719 tuerint
1564 4677 1666 4718 seu
1700 4661 2129 4729 quomodolibet
2166 4664 2466 4730 oportuna,
2499 4664 2559 4718 et
2597 4677 2709 4730 que
2748 4663 3108 4730 inquisitores
