3526 5522
1338 575 1544 627 ANNO
1585 575 1711 627 1472
2638 572 2730 622 119

318 747 448 825 ken,
504 749 604 811 het
638 751 991 812 inzamelen
1040 767 1166 812 van
1213 749 1356 828 geld
1398 767 1477 813 en
1528 751 1637 812 het
1670 750 1834 812 doen
1875 767 2000 811 van
2032 748 2390 827 kerkelijke
2440 750 2728 811 diensten

318 846 505 909 buiten
538 849 645 910 het
675 846 994 926 klooster,
1034 866 1114 911 en
1148 848 1434 911 verbiedt
1466 865 1598 927 nog
1628 848 1897 913 daartoe
1931 864 2085 911 over
2119 850 2183 909 te
2216 864 2407 926 gaan,
2450 864 2533 927 op
2569 845 2732 909 strat

314 963 420 1008 van
443 946 773 1026 schot-sing
797 965 923 1011 van
957 949 1033 1011 de
1066 946 1423 1025 kerkeliJke
1450 948 1737 1010 diensten
1765 965 1845 1009 en
1878 964 2003 1010 van
2036 945 2440 1026 Kerkelijken
2474 948 2624 1009 ban.

365 1085 663 1137 Ludovicus
685 1086 756 1137 de
781 1085 1070 1150 Bourbon,
1100 1086 1205 1138 Dei
1223 1089 1282 1138 et
1303 1085 1612 1152 apostolice
1636 1086 1789 1138 sedis
1821 1086 2009 1153 gratia
2042 1086 2338 1150 episcopus
2374 1085 2726 1147 Leodiensis,

313 1167 407 1217 dux
442 1167 819 1219 Bulloniensis
856 1170 916 1220 et
949 1182 1138 1220 comes
1177 1168 1492 1228 Lossensi3‚
1537 1171 1667 1229 etc„
1713 1169 1992 1221 universis
2031 1171 2090 1219 et
2129 1166 2370 1234 singulis
2410 1167 2726 1227 abbatibus,

309 1250 586 1315 prioribus,
642 1251 966 1316 prepositis,
1013 1252 1324 1317 gardianis,
1378 1250 1685 1303 lectoribus
1732 1254 1791 1303 et
1830 1250 2198 1302 conventibus
2245 1262 2726 1313 quorumcumque

310 1334 754 1384 monasteriorum
795 1347 1016 1385 necnon
1051 1333 1460 1399 parochialium
1506 1332 1875 1386 ecclesiarum
1917 1335 1975 1385 et
2016 1331 2360 1397 capellarum
2411 1332 2727 1383 rectoribus

311 1426 397 1476 per
425 1415 704 1466 civitatem
738 1418 797 1467 et
833 1416 1103 1467 diocesim
1139 1420 1361 1467 nostras
1398 1416 1742 1467 Leodienses
1783 1415 2106 1466 constitutis
2147 1427 2246 1465 seu
2282 1413 2731 1465 locatenentibus

309 1498 622 1559 eorumdem,
649 1499 720 1550 ad
743 1512 913 1562 quem
937 1497 1026 1550 vel
1052 1499 1123 1550 ad
1147 1513 1288 1563 quos
1310 1500 1606 1564 presentes
1639 1499 1833 1549 nostre
1858 1495 2050 1548 littere
2081 1497 2466 1562 pervenerint,
2490 1494 2729 1547 salutem

313 1578 362 1628 in
383 1578 632 1632 Domin0.

362 1659 496 1718 Quia
525 1677 624 1713 nos
669 1666 784 1715 tam
817 1663 1087 1731 pervigili
1110 1666 1172 1726 (τ)
1213 1663 1567 1728 experientia
1600 1676 1767 1726 quam
1802 1662 2221 1728 fidedignorum
2256 1661 2580 1713 testimonio
2612 1660 2728 1724 jam

308 1745 658 1807 comperimus
699 1747 972 1797 eximium
1016 1747 1406 1809 famosumque
1445 1746 1628 1796 virum
1673 1745 2010 1810 magistrum
2059 1743 2376 1795 Hubertum
2424 1743 2725 1800 Leonardi,

311 1837 450 1876 sacre
486 1825 769 1894 theologie
803 1831 1208 1893 professorem,
1242 1827 1575 1894 religiosum
1611 1828 1829 1879 ordinis
1862 1826 2028 1878 beate
2063 1825 2243 1878 Marie
2276 1827 2345 1876 de
2376 1825 2570 1877 Monte
2594 1824 2725 1876 Oar-

313 1906 449 1965 meli,
485 1909 867 1962 consiliarium
903 1914 963 1963 et
995 1911 1378 1962 confessorem
1415 1912 1670 1962 nostrum
1706 1912 1875 1973 atque
1910 1909 1966 1959 in
2003 1908 2215 1959 diocesi
2252 1910 2443 1959 nostra
2476 1907 2728 1958 heretice

310 1992 582 2051 pravitatis
620 1993 1037 2058 inquisitorem,
1074 1997 1251 2047 fuisse
1286 1997 1345 2046 et
1378 2008 1501 2045 esse
1538 1994 1719 2043 virum
1753 1991 1991 2057 probate
2027 1991 2141 2042 vite
2175 1992 2233 2041 et
2263 1989 2727 2041 commendabilis

312 2070 604 2139 religionis,
638 2077 852 2127 idcirco
888 2077 1029 2129 alias
1064 2079 1249 2130 eidem
1283 2077 1558 2142 magistro
1595 2072 1872 2132 Huberto,
1910 2076 2062 2132 tunc,
2088 2073 2306 2124 meritis
2341 2072 2459 2123 suis
2493 2073 2724 2138 exigen-

312 2153 463 2216 tibus,
487 2161 740 2221 promoto
766 2161 825 2211 et
848 2160 1116 2224 deputato
1140 2175 1245 2226 per
1267 2159 1649 2212 venerabilem
1672 2158 1962 2209 dominum
1996 2155 2324 2223 generalem
2351 2155 2486 2206 dicti
2511 2154 2727 2205 ordinis

312 2236 370 2285 ad
393 2238 627 2291 officium
662 2242 924 2309 regentie
957 2243 1016 2293 in
1051 2244 1330 2294 conventu
1364 2242 1696 2293 monasterii
1731 2241 1976 2292 civitatis
2012 2241 2203 2289 nostre
2239 2238 2570 2290 Leodiensis
2592 2250 2725 2302 pre-

311 2317 431 2371 dicti
455 2324 682 2386 ordinis,
718 2324 940 2377 litteras
976 2328 1199 2377 nostras
1233 2325 1808 2377 recommendatorias
1832 2324 1890 2375 et
1912 2321 2290 2387 promotorias
2323 2321 2724 2377 concessimus,

309 2403 421 2462 post
452 2418 584 2467 quas
615 2405 920 2472 religiosos
966 2408 1225 2459 dominos
1259 2408 1508 2472 priorem
1543 2411 1602 2458 et
1635 2408 1971 2458 conventum
2017 2403 2259 2469 predicti
2301 2402 2631 2453 monasterii
2667 2402 2723 2451 in

310 2478 443 2531 dicta
465 2486 651 2535 nostra
673 2486 902 2537 civitate
936 2487 1230 2538 constituti
1254 2485 1540 2537 exhortati
1573 2486 1806 2548 fuimuS,
1832 2486 2109 2547 quatenus
2144 2482 2354 2532 dictum
2391 2480 2723 2545 magistrum

311 2558 602 2617 Hubertum
640 2568 1068 2619 recommissum
1112 2569 1182 2620 ad
1225 2568 1436 2619 dictum
1474 2567 1734 2632 regentie
1784 2565 2027 2616 officium
2065 2563 2364 2614 admittere
2404 2563 2528 2614 sine
2578 2561 2722 2612 diffi-

310 2641 500 2696 cultate
532 2648 804 2701 deberent
834 2651 997 2714 J‘uxta
1029 2650 1160 2715 vim,
1197 2651 1438 2701 formam
1472 2651 1531 2700 et
1563 2650 1821 2700 tenorem
1856 2647 2173 2697 litterarum
2206 2644 2721 2696 commissoriarum

309 2724 403 2777 sibi
426 2731 692 2793 aprefato
726 2732 985 2798 generali
1020 2746 1122 2785 suo
1160 2733 1402 2797 desuper
1435 2744 1859 2795 concessarum3
1896 2731 1955 2782 et
1989 2740 2325 2792 quamquam
2361 2725 2430 2777 ob
2466 2725 2573 2777 hoc
2609 2738 2719 2776 non

310 2806 516 2861 licuerit
551 2827 732 2877 neque
776 2814 948 2867 liceat
988 2815 1153 2866 dictis
1192 2816 1372 2880 priori
1413 2817 1471 2866 et
1514 2814 1816 2865 conventui
1861 2812 2192 2864 monasterii
2237 2809 2481 2860 civitatis
2526 2810 2720 2859 nostre

311 2891 587 2956 quidquam
641 2898 1022 2961 perniciosum
1089 2883 1441 2963 suggessisse
1497 2897 1719 2961 prefato
1777 2894 2034 2962 generali
2091 2908 2192 2944 suo
2266 2893 2324 2942 in
2392 2892 2717 2954 contemptu

310 2968 605 3029 litterarum
642 2981 964 3031 nostrarum
997 2980 1673 3032 recommendatoriarum
1706 2981 2108 3042 pretactarum,
2146 2975 2255 3026 nisi
2289 2975 2446 3039 prius
2480 2974 2640 3024 nobis
2663 2975 2723 3024 et

311 3055 443 3108 dicto
473 3063 742 3128 magistro
776 3062 1034 3115 Huberto
1058 3064 1130 3115 ad
1160 3063 1269 3114 hoc
1297 3063 1407 3115 rite
1430 3063 1665 3121 vocatis,
1702 3060 2102 3113 nichilominus
2136 3060 2322 3112 tamen
2356 3058 2528 3108 iidem
2562 3057 2721 3120 prior

311 3140 360 3189 et
387 3148 700 3204 conventus,
746 3148 1150 3211 pretendentes
1184 3161 1246 3199 se
1281 3146 1503 3200 litteras
1548 3146 1932 3199 revocatorias
1972 3145 2041 3197 ab
2081 3144 2282 3196 eodem
2322 3157 2423 3195 suo
2464 3141 2722 3208 generali

311 3227 485 3277 eontra
514 3230 796 3292 prefatum
832 3230 1169 3296 magistrum
1208 3229 1544 3287 Hubertum,
1581 3228 1969 3279 consiliarium
2006 3227 2281 3284 nostrum,
2307 3238 2419 3275 non
2442 3225 2720 3283 vocatum,

313 3317 406 3356 non
444 3312 686 3363 auditum
730 3325 913 3376 neque
953 3313 1292 3374 convictum,
1333 3314 1568 3377 propter
1613 3309 1733 3374 ejus
1778 3310 2073 3368 demerita,
2116 3307 2253 3360 licet
2296 3321 2409 3358 non
2457 3319 2725 3371 expressa

314 3401 470 3453 neque
502 3394 756 3457 probata,
792 3395 1129 3459 impetrasse
1152 3397 1211 3447 et
1228 3395 1557 3451 obtinuisse,
1587 3393 1658 3444 ob
1691 3393 1801 3444 hoc
1835 3405 1964 3443 eum
1999 3392 2070 3442 ad
2104 3390 2421 3454 predictum
2453 3388 2721 3453 regencie

315 3471 530 3527 officium
563 3477 863 3529 admittere
898 3480 1235 3529 recusarunt
1258 3479 1315 3528 et
1337 3478 1620 3535 recusant,
1647 3477 1726 3540 et,
1752 3475 1903 3538 quod
1939 3474 2189 3525 deterius
2222 3474 2329 3534 est,
2362 3472 2536 3521 iidem
2561 3470 2720 3534 prior

314 3555 361 3603 et
380 3562 670 3611 conventus
694 3573 800 3624 per
824 3558 964 3611 alias
989 3561 1210 3611 nostras
1234 3560 1377 3610 certi
1401 3559 1617 3610 tenoris
1651 3558 1872 3609 litteras
1904 3556 2107 3620 vocati,
2133 3555 2409 3619 quatenus
2432 3553 2604 3605 certis
2629 3553 2721 3603 die

314 3640 363 3685 et
389 3637 517 3692 hora
547 3643 998 3708 competentibus
1033 3644 1168 3693 tunc
1201 3642 1430 3704 futuris,
1463 3643 1580 3706 jam
1619 3642 1715 3691 diu
1754 3639 2064 3705 preteritiS,
2102 3637 2498 3700 comparerent
2529 3649 2719 3686 coram

316 3719 451 3771 nobis
491 3738 592 3788 per
630 3739 693 3776 se
740 3725 829 3777 vel
871 3739 1068 3776 eorum
1104 3726 1454 3790 deputatum,
1490 3724 1559 3775 ad
1594 3724 1703 3775 hoc
1743 3722 1812 3773 ab
1853 3723 1937 3773 eis
1977 3720 2326 3772 sufficienter
2360 3718 2718 3779 instructum,

314 3800 581 3870 allegaturi
603 3821 802 3859 causas
824 3807 1220 3865 racionabiles,
1244 3808 1480 3872 propter
1498 3819 1637 3870 quas
1672 3807 1795 3870 ipse
1831 3804 2106 3869 magister
2140 3801 2428 3853 Hubertus
2453 3799 2720 3864 indignus

315 3882 438 3939 foret
458 3891 637 3942 officio
660 3892 940 3956 pretacto‚
961 3905 1088 3941 cum
1112 3904 1181 3942 ea
1203 3891 1382 3941 eciam
1399 3889 1788 3950 intimacione‚
1807 3887 1976 3955 quod,
1997 3886 2046 3937 si
2065 3898 2177 3949 qua
2192 3883 2349 3934 labes
2369 3881 2722 3932 inveniretur

314 3964 401 4029 ipsi
421 3975 686 4040 magistro
711 3974 968 4025 Huberto
995 3971 1288 4037 impressa,
1316 3973 1552 4037 propter
1576 3984 1742 4035 quam
1768 3970 1989 4021 veniret
2012 3968 2082 4020 ab
2106 3965 2429 4030 hujusmodi
2452 3964 2720 4029 regencie

316 4050 470 4104 officio
492 4055 894 4114 excludenduS,
913 4070 985 4107 ex
1009 4057 1142 4106 tunc
1166 4055 1275 4105 sibi
1298 4067 1403 4120 per
1426 4069 1529 4105 nos
1552 4054 1747 4118 quevis
1772 4051 2026 4104 defensio
2050 4048 2295 4115 prestari
2321 4062 2431 4098 non
2457 4046 2719 4108 deberet;

314 4135 435 4192 quod
457 4137 502 4187 si
525 4137 698 4190 nichil
722 4138 1168 4203 reprehensione
1195 4138 1430 4203 dignum
1451 4137 1512 4187 in
1536 4150 1604 4187 eo
1628 4136 1823 4201 posset
1855 4133 2118 4199 reperiri,
2146 4146 2217 4184 ex
2252 4133 2385 4182 tunc
2416 4130 2528 4195 ipsi
2558 4129 2720 4193 prior

315 4215 360 4263 et
385 4222 694 4281 conventus,
731 4221 887 4271 omni
920 4233 1160 4272 rancore
1200 4220 1440 4284 abjecto,
1478 4218 1821 4270 salutaribus
1860 4216 2090 4268 monitis
2130 4215 2190 4266 et
2226 4211 2718 4266 exhortationibus

315 4301 490 4354 nostris
520 4318 721 4370 parere
753 4304 1041 4356 curarent.
1067 4304 1269 4355 Coram
1294 4303 1456 4354 nobis
1479 4302 1540 4352 in
1564 4301 1807 4353 termino
1843 4297 2167 4364 huiusmodi
2201 4297 2284 4349 eis
2319 4296 2531 4347 statuto
2565 4306 2715 4345 com-

314 4390 482 4440 parere
504 4387 590 4438 vel
612 4400 840 4438 causam
873 4386 1120 4450 aliquam
1153 4385 1405 4451 allegare
1438 4384 1808 4448 recusarunt3
1844 4382 1981 4445 quin
2015 4393 2170 4446 ymo,
2206 4378 2413 4444 spretis
2446 4374 2717 4442 pastorali

317 4460 557 4528 dignitate
581 4472 776 4521 nostra
806 4468 1127 4532 litterisque
1162 4471 1220 4519 et
1254 4466 1751 4519 exhortacionibus
1788 4464 2021 4521 nostris,
2048 4462 2233 4527 nobis,
2267 4460 2481 4513 eisdem
2505 4458 2715 4509 litteris

316 4547 361 4593 et
388 4549 866 4603 exhortacionibus
902 4552 1111 4602 nostris
1147 4551 1540 4614 obtemperare
1577 4561 1689 4598 non
1723 4548 1996 4598 curarunt
2029 4557 2213 4607 neque
2248 4543 2469 4606 curant,
2503 4542 2561 4591 in
2594 4536 2713 4589 'ani-

315 4637 502 4682 marum
524 4648 746 4686 suarum
769 4647 945 4699 grave
966 4632 1300 4699 periculum.
1313 4632 1541 4689 Verum,
1556 4631 1684 4693 quia
1707 4628 2065 4693 superiorum
2085 4639 2318 4678 suorum
2336 4623 2580 4691 gratiam
2599 4632 2710 4670 non
