3526 5522
1273 651 1377 705 AN
1381 650 1481 707 No
1517 650 1646 703 1483
2595 651 2690 703 135

270 819 408 872 randi
445 820 657 872 domini
697 821 759 872 et
796 818 1059 887 magistri
1096 819 1418 873 Anthonius
1460 820 1733 880 Duterne‚
1770 818 2015 872 vicarius
2054 819 2237 885 patris
2275 818 2523 871 ministri
2556 832 2687 885 pro-

273 903 426 955 vincie
456 902 715 966 Francie,
740 902 776 955 J
781 901 1034 955 ohannes
1070 901 1424 968 Barbachon,
1450 905 1642 955 custos
1673 903 1931 955 custodie
1956 901 2328 961 Normannie,
2353 901 2689 954 Franciscus

273 985 526 1050 Dalousie‚
572 998 733 1038 sacre
776 986 985 1051 pagine
1029 986 1402 1051 professores,
1451 986 1520 1036 ab
1569 986 1768 1038 eodem
1824 987 1988 1050 patre
2032 984 2293 1036 ministro
2342 986 2401 1037 et
2446 997 2518 1036 ex
2565 984 2691 1049 eJus

272 1081 505 1132 expressa
527 1068 911 1129 ordinatione,
933 1069 998 1119 ut
1019 1068 1299 1129 dicebant,
1326 1069 1505 1127 missi,
1536 1069 1604 1120 ad
1640 1082 1837 1133 pacem
1874 1068 1933 1119 et
1964 1068 2324 1119 concordiam
2359 1082 2487 1119 cum
2524 1067 2690 1118 dictis

272 1150 654 1203 venerabilibus
695 1151 939 1202 dominis
982 1151 1309 1215 presidente
1356 1152 1415 1203 et
1461 1150 1708 1216 capitulo
1755 1152 1979 1217 pretate
2024 1148 2264 1202 ecclesie
2312 1149 2689 1201 Tornacensis

273 1232 591 1285 metandum
624 1236 685 1286 et
717 1233 1118 1286 inveniendum
1144 1247 1316 1299 super
1348 1233 1522 1286 certis
1544 1232 1647 1285 lite
1683 1235 1742 1286 et
1775 1233 2163 1285 controversia
2183 1233 2337 1284 inter
2361 1246 2423 1284 se
2450 1232 2591 1283 ortis
2614 1231 2687 1283 ad

273 1328 462 1367 oausam
491 1316 903 1381 predicationis
935 1316 1224 1368 certorum
1260 1315 1632 1368 articulorum
1654 1328 1759 1381 per
1783 1314 2081 1379 quemdam
2103 1315 2343 1366 fratrem
2363 1314 2398 1365 J
2403 1312 2686 1365 ohannem

273 1398 447 1464 Angeli
470 1399 688 1450 ordinis
710 1399 953 1450 fratrum
975 1398 1260 1450 minorum
1293 1398 1354 1449 in
1388 1396 1647 1463 pluribus
1683 1397 1801 1449 suis
1836 1397 2191 1449 sermonibus
2226 1397 2285 1448 in
2319 1396 2426 1448 hac
2459 1396 2687 1448 civitate

273 1478 584 1533 Tornacensi
621 1480 1057 1548 publicatorum,
1113 1494 1334 1534 necnon
1388 1480 1651 1547 religiosi
1697 1480 1807 1532 viri
1851 1480 2113 1546 magistri
2162 1480 2369 1532 Petrus
2415 1479 2682 1543 Becquet‚

270 1563 416 1615 eciam
431 1578 591 1617 sacre
607 1565 820 1631 pagine
838 1566 1148 1630 professor,
1170 1565 1229 1616 et
1242 1563 1278 1616 J
1282 1563 1491 1616 acobus
1510 1562 1738 1621 Genois,
1757 1562 2129 1626 baccalarius,
2149 1561 2408 1629 religiosi
2432 1560 2688 1626 ejusdem

271 1646 471 1706 ordinis,
497 1647 730 1699 nomine
764 1648 1073 1699 conventus
1107 1648 1352 1699 tratrum
1385 1646 1669 1698 minorum
1705 1645 2152 1697 Tornacensium
2188 1646 2303 1696 tam
2337 1644 2473 1695 dicti
2507 1643 2688 1709 patris

270 1727 481 1781 ministri
499 1743 667 1795 quam
685 1731 996 1783 conventus
1014 1729 1294 1782 dictorum
1313 1730 1558 1781 tratrum
1590 1729 1875 1780 minorum
1903 1727 2347 1780 Tornacensium
2366 1726 2687 1779 nominibus

271 1813 555 1864 asserentes
581 1815 803 1865 certum
825 1826 1154 1878 processum
1176 1812 1329 1865 inter
1352 1826 1413 1864 se
1435 1812 1613 1864 fuisse
1638 1813 1697 1864 et
1720 1824 1848 1863 esse
1869 1812 2087 1863 motum
2118 1812 2177 1863 et
2208 1809 2536 1861 inchoatum
2570 1811 2686 1862 tam

269 1893 316 1944 in
337 1895 481 1947 curia
499 1894 841 1960 parlamenti
864 1894 1207 1948 Parisiensis
1231 1909 1398 1960 quam
1422 1893 1578 1955 alibi,
1606 1894 1901 1946 occasione
1922 1892 2375 1960 predicationum
2404 1893 2683 1945 factarum

270 1989 392 2029 anno
412 1977 496 2030 vel
521 1978 753 2031 circiter
776 1977 968 2044 elapso
994 1979 1108 2030 tam
1132 1978 1194 2029 in
1211 1976 1455 2030 ecclesia
1477 1977 1826 2029 Tornacensi
1845 1990 2013 2041 quam
2032 1976 2092 2028 in
2115 1974 2372 2028 ecclesiis
2389 1974 2684 2042 parochia-

267 2058 391 2111 libus
412 2062 732 2114 sanctorum
755 2061 908 2113 Piati
931 2062 990 2113 et
1012 2059 1269 2121 Quintini
1293 2060 1739 2114 Tornacensium
1756 2073 1862 2125 per
1879 2059 2091 2112 dictum
2107 2059 2346 2111 tratrem
2361 2058 2397 2111 J
2401 2057 2683 2111 ohannem

267 2143 460 2210 Augen,
497 2145 647 2198 unde
679 2145 927 2197 maxime
963 2142 1250 2209 dolebant,
1287 2158 1354 2196 ac
1388 2144 1459 2196 de
1492 2142 1734 2210 singulis
1773 2155 1878 2210 per
1913 2157 2012 2195 eos
2040 2140 2190 2195 male
2225 2140 2367 2194 actis
2401 2142 2461 2194 et
2492 2142 2681 2194 verbis
2738 2174 2750 2187 ·

266 2224 524 2290 injuriosis
541 2227 840 2280 occasione
856 2227 1265 2294 premissorum
1282 2227 1483 2279 contra
1498 2227 1751 2292 prefatos
1778 2226 2035 2277 dominos
2060 2225 2130 2278 de
2153 2223 2401 2290 capitulo
2427 2224 2681 2277 ubicum-

269 2321 356 2370 que
384 2310 613 2374 prolatis
646 2310 871 2363 veniam
905 2310 1200 2363 humiliter
1232 2308 1586 2377 postulantes
1621 2322 1686 2361 ac
1719 2309 1779 2361 in
1815 2309 1968 2360 omni
2002 2308 2259 2361 amicicia
2281 2308 2340 2360 et
2360 2308 2598 2360 caritate
2619 2307 2678 2359 in

267 2394 526 2454 posterum
557 2380 685 2446 cum
721 2394 940 2447 eisdem
974 2394 1218 2446 dominis
1253 2393 1445 2445 vivere
1480 2406 1698 2444 summe
1734 2392 2123 2444 desiderantes
2158 2393 2216 2443 et
2250 2390 2597 2449 affectantes,
2621 2390 2685 2441 ut

271 2473 515 2540 dicebant,
551 2469 773 2530 necnon
807 2476 994 2529 litium
1033 2477 1340 2529 amfractus
1374 2476 1434 2528 et
1467 2488 1745 2540 expensas
1785 2475 2000 2526 evitare
2038 2473 2350 2539 cupientes,
2389 2486 2462 2525 ex
2501 2471 2685 2525 altera

269 2559 510 2619 partibus,
535 2559 764 2622 ibidem,
789 2558 1083 2625 premissis
1119 2559 1370 2619 attentis,
1395 2558 1848 2610 misericordiam
1880 2556 2063 2623 rigori
2097 2569 2396 2621 processus
2420 2557 2680 2621 preterre

268 2639 489 2694 volentes
520 2643 589 2695 ob
622 2644 1013 2696 reverenciam
1048 2642 1156 2694 Dei
1192 2656 1257 2694 ac
1293 2642 1447 2694 beati
1483 2640 1774 2693 Francisci
1809 2642 1868 2691 et
1901 2639 1990 2690 sui
2007 2639 2080 2703 (l)
2115 2638 2353 2703 ordinis,
2376 2638 2437 2689 in
2471 2638 2677 2689 tuitum

267 2722 418 2776 eciam
448 2726 506 2778 et
535 2726 595 2778 in
628 2727 883 2779 savorem
919 2725 1055 2778 dicti
1088 2709 1268 2791 patris
1290 2724 1537 2776 ministri
1561 2724 1620 2777 et
1640 2722 2165 2789 prenominatorum
2189 2719 2522 2774 notabilium
2548 2734 2676 2786 sup·

266 2808 545 2867 positorum
582 2808 1004 2873 humilibusque
1042 2809 1307 2873 precibus
1346 2809 1588 2859 fratrum
1630 2807 1766 2858 dicti
1806 2806 2117 2858 conventus
2162 2802 2421 2856 inclinati
2459 2802 2673 2855 eisdem

265 2886 514 2943 viscerose
547 2882 969 2958 compaciendo,
993 2906 1097 2958 pro
1132 2891 1280 2943 bono
1315 2891 1471 2956 pacis
1506 2892 1565 2942 et
1599 2889 1902 2941 concordie
1935 2888 2088 2941 inter
2111 2901 2174 2940 se
2200 2886 2523 2945 retinendo,
2549 2895 2676 2938 sese

267 2974 603 3026 accordarunt
623 2977 682 3028 et
701 2961 998 3027 amicabile
1023 2973 1596 3040 appunctuamentum
1619 2973 1772 3025 inter
1794 2985 1856 3025 se
1877 2973 2091 3024 factum
2108 2971 2168 3023 et
2189 2970 2393 3022 initum
2415 2969 2595 3021 fuisse
2619 2968 2679 3020 et

269 3063 371 3105 esse
385 3059 832 3122 recognoverunt
853 3057 1020 3108 modo
1045 3057 1104 3109 et
1124 3058 1312 3109 forma
1333 3055 1632 3122 descriptis
1654 3056 1715 3107 in
1739 3055 1982 3119 quadam
1997 3066 2181 3120 papea
2201 3051 2425 3105 cedulla
2447 3049 2678 3103 Gallicis

268 3136 426 3188 verbis
461 3142 731 3206 concepta
770 3153 873 3205 per
915 3139 1297 3193 venerabilem
1336 3139 1522 3190 virum
1561 3138 1851 3190 dominum
1892 3138 1952 3190 et
1982 3137 2320 3203 magistrum
2354 3133 2393 3188 J
2395 3134 2677 3186 ohannem

269 3214 543 3283 Laurentii,
565 3224 902 3276 canonicum
936 3224 994 3275 et
1027 3221 1461 3288 hospitalarium
1494 3222 1644 3274 dicte
1677 3220 1919 3274 ecclesie
1944 3219 2341 3280 Tornacensis,
2368 3217 2579 3271 ibidem
2603 3218 2674 3269 de

269 3302 412 3354 verbo
436 3307 500 3356 ad
520 3306 756 3359 verbum
778 3304 1051 3371 perlecta.
1077 3304 1252 3370 Cujus
1274 3304 1504 3369 quidem
1527 3303 1749 3357 cedulle
1775 3305 1941 3356 tenor
1966 3302 2096 3355 talis
2120 3303 2210 3355 est
2235 3315 2249 3351 ε

323 3407 463 3462 Pour
481 3414 766 3482 appui-sier
773 3427 892 3481 par
911 3426 1048 3480 voye
1070 3410 1331 3476 amiable,
1357 3426 1480 3466 ens.
1511 3412 1604 3477 (2).

322 3515 462 3575 Quod
502 3521 727 3584 quidem
772 3520 1368 3586 appunctuamentum,
1416 3520 1498 3571 sic
1541 3521 1605 3571 ut
1655 3519 1964 3586 presertur,
2016 3517 2221 3570 initum
2278 3516 2415 3568 dicti
2460 3515 2674 3568 domini

271 3600 524 3658 presidens
564 3606 620 3656 et
664 3602 976 3668 capitulum
1016 3616 1235 3655 necnon
1272 3603 1655 3669 prenominati
1700 3603 1909 3654 fratres
1954 3601 2229 3659 minores,
2255 3599 2458 3664 quibus
2503 3612 2677 3665 supra

272 3683 569 3744 nominibus,
594 3686 899 3738 observare
945 3688 1006 3738 et
1049 3689 1245 3738 tenere
1291 3686 1502 3738 ibidem
1545 3684 1955 3737 inviolabiliter
2003 3684 2137 3737 hinc
2180 3684 2313 3735 inde
2358 3682 2508 3734 bono
2555 3681 2675 3734 zelo

271 3766 628 3829 promiserunt,
658 3771 718 3821 et
738 3768 1002 3835 promisit
1025 3782 1222 3821 eorum
1258 3767 1513 3832 quilibet,
1542 3768 1876 3832 inquantum
1902 3766 2228 3833 hujusmodi
2253 3765 2554 3832 negocium
2578 3777 2677 3816 eos

273 3844 426 3912 tangit
441 3863 531 3903 seu
558 3854 792 3918 tangere
815 3852 1005 3916 potest
1028 3865 1130 3917 seu
1152 3851 1366 3916 poterit
1389 3849 1817 3916 quomodolibet
1837 3851 1900 3902 in
1926 3851 2204 3902 futurum.

321 3928 445 3982 Acta
473 3934 699 3986 fuerunt
732 3933 838 3986 hec
872 3934 931 3985 in
967 3934 1118 3986 dicto
1135 3933 1268 3986 loco
1293 3933 1595 3999 capitulari
1618 3932 1864 3987 ecclesie
1890 3931 2290 3990 Tornacensis,
2314 3930 2675 3996 presentibus

271 4007 447 4064 ibidem
462 4016 697 4068 dominis
715 4016 1000 4082 Stephano
1021 4016 1267 4068 Pavonis
1291 4017 1350 4069 et
1369 4017 1644 4084 magistro
1664 4015 1950 4081 Stephano
1971 4012 2285 4083 [Ermetis],
2297 4013 2671 4079 presbyteris,

275 4091 475 4149 testibus
495 4100 562 4150 ad
578 4099 686 4152 hec
709 4099 922 4151 vocatis
946 4099 1274 4164 specialiter
1298 4100 1358 4152 et
1378 4089 1617 4166 rogatis.

327 4207 524 4266 Eisdem
544 4229 677 4269 vero
702 4229 869 4274 anno,
889 4215 1219 4276 indictione,
1240 4228 1434 4269 mense
1457 4216 1517 4269 et
1540 4215 1650 4274 die,
1671 4214 1816 4267 hora
1831 4213 1994 4279 quasi
2010 4214 2214 4279 quarta
2230 4213 2359 4279 post
2372 4210 2674 4277 prandium

279 4294 606 4351 meridianum
646 4299 900 4364 ejusdem
933 4299 1058 4356 ‚diei
1097 4313 1162 4351 ac
1206 4299 1555 4364 pontificatu,
1597 4297 1809 4364 prefati
1852 4298 2064 4362 patres,
2105 4295 2364 4363 religiosi
2410 4293 2672 4359 superius

280 4378 514 4433 nominati
536 4395 751 4435 necnon
773 4383 982 4435 tratres
1004 4382 1040 4435 J
1045 4382 1296 4435 ohannes
1319 4382 1635 4448 Malvoisni‚
1660 4383 1851 4435 custos
1872 4379 2308 4438 Attrebatensis,
2331 4376 2681 4431 Guillermus,

336 4650 398 4718 (l)
427 4655 503 4714 De
524 4661 672 4717 tekst
696 4661 856 4718 heeft
879 4665 1016 4719 suis.

335 4735 396 4802 (ἵ)
425 4740 584 4810 Volgi.
603 4748 670 4800 de
692 4749 846 4801 tekst
866 4762 974 4801 van
997 4749 1068 4802 de
1091 4748 1527 4804 overeenkomst
1550 4745 1675 4816 (ons
1700 4748 1867 4815 vorig
1889 4744 2060 4808 stuk).
