3526 5522
1366 556 1468 606 AN
1473 556 1523 606 N
1528 554 1574 608 Ο
1613 553 1740 604 1349
2720 560 2781 610 31

308 721 712 786 inquisitione.
755 734 932 786 super
972 720 1080 773 hac
1117 735 1183 773 re
1222 723 1567 774 sententiam
1606 722 1993 786 protulerunt.
2036 723 2162 774 Hoc
2202 724 2466 790 exemplo
2507 725 2783 789 probatur

310 817 526 870 magna
548 804 798 869 negocia
820 804 892 855 ad
916 817 1200 855 summum
1223 804 1541 868 principem
1568 805 1780 856 debere
1808 805 2042 868 referrj.

378 885 549 937 Hanc
592 887 770 937 etiam
829 886 1188 949 questionem
1233 899 1459 950 possem
1507 886 1801 944 canonice,
1847 887 1910 950 jd
1959 888 2049 938 est
2093 888 2435 940 auctoritate
2486 901 2786 948 canonum.

314 967 648 1031 declarare3
676 968 778 1019 sed
801 967 946 1018 mihi
971 967 1242 1033 theologo
1263 967 1404 1018 licet
1426 968 1683 1018 minimo.
1710 967 1924 1019 Fontes
1947 968 2160 1019 sufficit
2183 968 2459 1034 allegare,
2489 983 2561 1021 ex
2585 971 2789 1033 quibus

312 1050 684 1114 postmodum
710 1051 902 1100 ortum
925 1048 1253 1102 habuerunt
1284 1049 1558 1101 canonice
1593 1049 1918 1101 sanctiones
1945 1063 1959 1100 ε
1987 1049 2411 1104 Exrnauaeaus
2448 1052 2526 1103 Dc
2548 1053 2787 1119 inquisi-

312 1130 583 1191 tionibus,
610 1144 739 1196 cap.
769 1125 1023 1189 Quali&-
1045 1138 1095 1182 et
1118 1129 1363 1198 quanda.

381 1212 595 1273 Porr0.
633 1212 993 1264 sanctissime
1028 1214 1193 1277 pater
1227 1227 1293 1264 ac
1328 1213 1578 1272 domine,
1611 1213 1874 1277 predicta
1912 1213 1985 1265 ad
2024 1213 2382 1279 propositum
2424 1214 2783 1278 applicando,

312 1295 607 1359 quoddam
640 1307 915 1360 magnum
950 1294 1009 1345 et
1043 1296 1285 1345 arduum
1320 1294 1618 1360 negotium
1654 1308 1838 1358 nuper
1876 1296 2130 1347 emersit.
2157 1294 2483 1347 Insurrexit
2507 1297 2789 1360 siquidem

312 1376 681 1441 quorundam
715 1375 1034 1441 hominum,
1078 1390 1219 1440 quos
1258 1375 1353 1440 alij
1401 1375 1806 1441 F'zayelzatores
1848 1375 2160 1441 appellant,
2203 1391 2354 1429 noua
2392 1378 2567 1437 secta.
2611 1392 2790 1430 nouas

309 1458 482 1524 leges
524 1460 585 1510 et
623 1458 990 1515 cerimonias.
1031 1457 1095 1522 jd
1135 1460 1225 1509 est
1264 1457 1589 1524 singulares
1637 1458 2032 1510 obseruantias
2079 1460 2234 1510 circa
2274 1458 2491 1511 cultum
2531 1460 2789 1511 diuinum

313 1541 665 1603 obseruans3
712 1540 1058 1603 quequidem
1098 1542 1275 1601 secta,
1317 1553 1420 1590 seu
1462 1541 1652 1604 potius
1695 1540 2048 1603 superstitio.
2090 1541 2206 1592 iam
2246 1541 2331 1591 sic
2363 1543 2550 1593 creuit
2583 1543 2642 1593 et
2676 1542 2788 1593 iam

311 1635 428 1688 per
460 1623 551 1673 tot
583 1621 1021 1673 christianitatis
1055 1621 1383 1686 prouincias
1418 1635 1480 1672 se
1516 1621 1807 1686 dispersit,
1844 1625 1927 1683 ut,
1965 1621 2294 1686 yperbolice
2331 1622 2635 1686 loquend0,
2678 1637 2791 1687 qua

311 1703 614 1756 locutione
660 1702 812 1754 solet
851 1704 1193 1766 frequenter
1236 1703 1314 1766 vtj
1366 1702 1662 1766 Scriptura
1718 1705 1789 1754 ad
1850 1705 2289 1767 exprimendum
2346 1705 2470 1756 eius
2525 1719 2791 1771 magnam

313 1786 703 1850 quantitatem
737 1798 841 1836 seu
878 1783 1326 1842 multitudinem.
1364 1797 1620 1851 congrue
1646 1784 1756 1849 dicj
1782 1785 1965 1850 possit
1995 1798 2102 1849 per
2138 1799 2335 1837 omnes
2357 1785 2793 1839 christianitatis

314 1867 654 1933 prouincias
710 1867 826 1918 iam
886 1880 1012 1918 esse
1070 1865 1295 1917 diffusa.
1357 1865 1505 1918 Sane
1563 1867 1776 1930 autem,
1834 1867 2192 1918 sanctissime
2248 1868 2433 1932 pater.
2499 1881 2628 1919 cum
2685 1868 2798 1920 ista

313 1949 658 2014 superstitio
696 1961 883 2013 nuper
925 1961 1105 2012 usque
1140 1947 1212 1998 ad
1246 1948 1553 2000 interiores
1594 1949 1789 2012 partes
1831 1948 2074 2000 Francie
2114 1949 2491 2013 peruenisset.
2531 1949 2792 2015 nonnulli

315 2028 584 2094 episcopi
630 2043 697 2080 ac
746 2029 1054 2094 principes,
1109 2042 1352 2093 quorum
1405 2030 1590 2080 terras
1636 2029 1931 2081 inuaserat
1986 2032 2328 2089 nescientes,
2391 2033 2493 2083 sed
2550 2030 2794 2083 multum

314 2110 608 2177 perplexj,
670 2111 810 2173 quid
865 2111 949 2162 eis
1005 2113 1159 2163 esset
1215 2123 1388 2174 super
1443 2109 1553 2161 hoc
1608 2112 1844 2177 negotio
1907 2113 2233 2165 iaciendum
2282 2126 2295 2161 ε
2355 2115 2544 2164 vtrum
2600 2114 2795 2165 essent

317 2193 699 2259 permittendj
743 2193 937 2244 iacere
978 2192 1129 2256 quod
1170 2191 1456 2254 volebant,
1498 2191 1587 2243 vel
1630 2194 1714 2244 eis
1754 2196 1909 2245 esset
1946 2194 2330 2246 resistendum
2369 2197 2486 2247 tam
2524 2208 2629 2260 per
2662 2208 2795 2247 cen-

319 2288 524 2326 suram
559 2273 1006 2325 ecclesiasticam
1047 2288 1216 2338 quam
1256 2288 1360 2339 per
1399 2274 1698 2326 brachium
1737 2275 1998 2327 seculare
2021 2277 2114 2340 (1),
2151 2277 2482 2328 Parisiense
2522 2278 2791 2336 studium.

316 2356 449 2420 ubi,
474 2357 623 2407 teste
648 2355 870 2421 Pe[tro]
900 2354 1230 2423 Ble[sensi],
1256 2357 1315 2407 in
1342 2357 1584 2420 quadam
1608 2356 1873 2421 epistola,
1901 2357 2222 2410 difficilium
2256 2360 2621 2422 questionum
2657 2360 2790 2424 nodj

324 2437 749 2501 intricatissimi
797 2436 1184 2499 resoluuntur,
1232 2438 1292 2489 et
1334 2437 1643 2503 presertim
1697 2438 2032 2491 facultatem
2079 2439 2374 2506 theologie
2417 2454 2524 2505 per
2568 2440 2794 2492 litteras

324 2521 392 2570 et
432 2519 674 2570 nuncios
707 2518 1012 2571 consulere
1051 2521 1453 2572 decreuerunt.
1499 2519 1857 2573 Parisienses
1899 2522 2089 2573 autem
2128 2522 2413 2588 magistri,
2456 2524 2794 2588 reputantes

322 2600 442 2652 hoc
487 2601 786 2666 negotium
832 2613 960 2653 esse
1005 2601 1169 2653 valde
1215 2615 1486 2667 magnum
1543 2603 1604 2653 et
1658 2603 1919 2664 arduum,
1980 2604 2101 2654 tum
2155 2604 2394 2668 propter
2448 2604 2584 2655 huic
2639 2606 2794 2656 secte

323 2681 734 2735 adherentium
757 2682 1182 2737 multitudinem
1218 2685 1527 2748 copiosam.
1565 2685 1685 2736 tum
1719 2687 1958 2749 propter
1990 2684 2161 2736 huius
2194 2687 2350 2737 secte
2385 2687 2445 2737 et
2477 2686 2786 2737 obseruan-

322 2766 543 2818 tiarum
581 2764 766 2830 ipsius
809 2765 1100 2817 insolitam
1142 2767 1477 2828 nouitatem.
1526 2781 1599 2819 ex
1645 2780 1758 2830 qua
1801 2767 2105 2820 imminere
2150 2768 2378 2820 videtur
2424 2768 2571 2820 ritus
2617 2768 2799 2821 eccle·

319 2847 550 2900 siastici
588 2860 800 2913 magna
836 2849 1099 2904 mutatio.
1136 2848 1669 2901 determinauerunt
1707 2850 1956 2914 vuanimj
2000 2850 2241 2901 consilio
2281 2850 2453 2902 huius
2494 2851 2793 2917 negotium

315 2932 454 2981 tore
490 2928 699 2981 Vestre
739 2929 1089 2995 Beatitudinj
1135 2930 1539 2989 nunciandum,
1584 2931 1704 2995 quj,
1744 2933 2032 2995 tamquam
2067 2946 2320 2983 summus
2359 2932 2645 2997 princeps.
2688 2933 2796 2984 toti

320 3011 589 3063 Ecclesia
613 3010 939 3075 presidetis.
978 3013 1057 3075 et,
1095 3013 1160 3062 ut
1191 3011 1301 3063 hoc
1334 3013 1503 3064 fieret
1524 3011 1857 3073 solemnius,
1883 3013 2143 3079 magistrj
2172 3014 2377 3080 prelatj
2406 3013 2798 3066 illustrissimo

318 3092 573 3159 princip}
615 3093 846 3144 domino
879 3095 1006 3158 regj
1046 3093 1287 3146 Francie
1323 3094 1793 3158 supplicauerunt
1825 3094 2139 3157 humiliter,
2176 3097 2242 3146 ut
2272 3109 2378 3160 pro
2413 3097 2526 3147 isto
2563 3097 2799 3162 negotio

319 3175 535 3226 vestre
580 3173 877 3239 Sanctitatj
927 3175 1184 3228 scribere
1233 3175 1590 3242 dignaretur,
1638 3177 1972 3240 quiquidem
2029 3177 2291 3228 dominus
2336 3190 2460 3238 rex,
2511 3180 2799 3241 tamquam

320 3257 601 3322 princeps
643 3255 961 3308 catholicus
1001 3257 1217 3309 zelator
1259 3257 1572 3310 christiane
1612 3257 1917 3324 religionis
1962 3260 2023 3310 et
2060 3259 2217 3319 fidei,
2258 3259 2563 3313 confestim
2597 3273 2797 3312 eorum

321 3339 600 3404 precibus
646 3339 962 3402 annuebat;
1011 3341 1362 3404 quapropter
1407 3340 1535 3404 ipse
1593 3340 1857 3391 dominus
1903 3353 2008 3392 rex
2054 3342 2115 3393 et
2156 3342 2419 3407 magistri
2469 3355 2645 3406 super
2694 3341 2804 3393 hac

320 3434 395 3473 re
450 3434 559 3485 per
608 3434 721 3479 me,
770 3421 866 3485 quj
927 3421 1243 3485 predictam
1295 3422 1511 3473 sectam
1562 3422 1676 3473 fide
1727 3435 2116 3487 cognoueram
2164 3422 2407 3484 oculata,
2461 3423 2599 3475 licet
2644 3425 2804 3476 tanta

319 3502 623 3569 legatione
670 3502 992 3567 indignum,
1053 3502 1260 3555 Vestre
1307 3503 1604 3568 Sanctitatj
1666 3503 1923 3555 scribere
1979 3505 2385 3573 decreuerunt.
2432 3505 2801 3572 iniungentes

321 3585 494 3644 mihi,
544 3585 608 3635 ut
659 3584 810 3636 idem
868 3584 1165 3650 negotium
1222 3585 1425 3637 vestre
1479 3585 1778 3649 Sanctitatj
1831 3585 2059 3650 plenius
2104 3585 2474 3651 explicarem,
2528 3587 2682 3650 quod
2738 3589 2803 3638 ut

320 3668 606 3730 tacerem,
633 3665 828 3717 thema
846 3668 1309 3731 preassumptum
1335 3680 1529 3718 coram
1551 3667 1759 3718 Vestra
1783 3666 2413 3733 Sanctitate-proposui.

396 3746 497 3800 Eu
511 3747 777 3816 populus,
799 3750 910 3800 etc.
930 3750 1091 3815 reqnj
1114 3750 1214 3815 cuj,
1233 3749 1295 3813 jd
1320 3751 1409 3800 est
1432 3750 1607 3800 totius
1624 3739 2063 3801 christianitatis
2082 3762 2183 3802 seu
2202 3750 2502 3802 militantis
2521 3750 2801 3816 Ecclesie,

321 3830 485 3894 quod
518 3831 609 3881 est
638 3830 809 3887 idem,
847 3830 939 3895 cuj
979 3828 1379 3898 principaliter
1420 3831 1755 3895 presidetis3
1801 3832 1873 3883 de
1922 3845 2033 3895 quo
2072 3845 2257 3898 regno
2301 3831 2565 3884 Saluator
2604 3834 2804 3885 noster

318 3913 525 3977 restro
557 3913 974 3976 predecessorj,
1018 3912 1195 3964 Petro
1237 3911 1476 3973 scilicet,
1519 3913 1746 3964 dicebat
1789 3911 2000 3965 Mataei
2035 3912 2097 3962 16
2132 3910 2208 3980 (2)
2236 3933 2249 3964 2
2298 3934 2324 3956 a
2352 3915 2438 3966 Tu
2474 3927 2536 3966 es
2572 3914 2801 3973 Petrus,

320 3994 390 4045 et
412 4006 590 4058 super
622 3991 771 4045 hanc
805 3995 1028 4058 petram
1063 3994 1341 4046 edificabo
1378 3994 1694 4045 Ecclesiam
1728 4007 1914 4045 meam
1938 3997 1997 4046 et
2018 3997 2184 4059 porte
2206 3996 2377 4060 infer]
2404 4009 2518 4047 non
2542 3995 2802 4060 preuale-

322 4076 476 4127 bunt
498 4075 776 4127 aduersus
812 4087 958 4142 eam,
985 4077 1044 4127 et
1068 4076 1169 4139 tibj
1198 4076 1345 4126 dabo
1369 4074 1562 4128 claues
1596 4078 1762 4142 regnj
1801 4076 2073 4128 celorum.
2103 4098 2129 4121 n
2166 4077 2339 4129 Glosa
2370 4077 2759 4129 interlinearis
2785 4092 2801 4128 τ

324 4178 355 4200 a
378 4157 445 4221 jd
480 4158 571 4209 est
598 4156 858 4210 Ecclesie
881 4158 1077 4221 vtique
1117 4170 1362 4223 regnum
1396 4157 1549 4209 istud
1585 4159 1839 4210 vestrum
1871 4159 1979 4220 est,
2015 4172 2147 4209 nam
2180 4172 2302 4218 eos.
2337 4159 2432 4224 quj
2469 4159 2625 4211 intus
2648 4161 2800 4218 sunt.

400 4480 478 4541 (1)
514 4476 671 4529 1188.
698 4473 994 4529 brachium
1015 4477 1327 4543 simulare.

398 4558 477 4627 (2)
513 4557 793 4612 Matthaei
826 4558 910 4624 16,
947 4559 1125 4612 18-19.
