3526 5522
721 582 787 632 46
1630 584 1841 637 ANNo
1879 584 2024 651 1377,
2060 586 2121 638 c.
2162 585 2287 634 1384

1730 804 1841 868 36
1896 799 2164 885 (seim).

832 1006 1042 1077 1377,
1082 1002 1334 1067 Maart
1376 1009 1482 1079 18,
1517 964 1846 1087 'leperem
1889 1004 2241 1067 Uittreksel
2276 1005 2374 1066 uit
2406 1021 2523 1066 een
2549 1004 2997 1083 stadsregister
3021 1021 3170 1068 over

718 1099 1261 1276 ἰίῒῖἓῑὲτεωᾱίης
1309 1103 1537 1165 aldaar
1592 1119 1721 1165 van
1781 1103 1902 1164 den
1961 1103 2186 1166 volder
2234 1104 2354 1165 Pol
2389 1102 2467 1165 de
2517 1103 2867 1181 Haestighe
2916 1119 3168 1182 wegens

915 1368 1197 1420 Mer-credi
1231 1368 1436 1420 devant
1472 1368 1524 1420 le
1540 1368 1687 1435 ιγὀιιν
1721 1367 1792 1421 de
1824 1367 2075 1429 Palmes,
2113 1370 2209 1418 18³
2243 1367 2445 1421 Martii
2477 1368 2626 1427 1376,
2661 1366 2761 1436 fol.
2799 1370 2871 1418 48
2892 1370 2984 1432 (1).

782 1497 890 1565 (Op
939 1497 1048 1550 den
1091 1497 1244 1551 rand
1285 1498 1328 1564 :J
1380 1497 1728 1551 Containcus
1771 1498 1842 1550 de
1884 1497 2119 1552 heret-sie.
2166 1526 2233 1537 -
2280 1497 2384 1550 Pol
2432 1499 2503 1549 de
2555 1497 2910 1564 Haesteghe,
2953 1498 3170 1562 toulon,

712 1581 1027 1660 convaincu
1072 1581 1144 1632 de
1201 1580 1428 1633 heresie
1484 1594 1589 1646 par
1635 1581 1844 1632 devant
1888 1580 1972 1632 les
2017 1581 2392 1644 inquisiteurs
2438 1580 2675 1630 commis
2722 1581 2793 1632 de
2846 1581 2901 1632 la
2955 1580 3165 1632 saincte

714 1661 913 1728 Eglise
937 1664 997 1713 et
1017 1675 1123 1727 par
1158 1662 1291 1714 eulx
1328 1663 1511 1714 rendu
1547 1661 1736 1715 oultre
1760 1676 1833 1714 au
1858 1663 2132 1729 seigneur
2164 1665 2224 1715 et
2250 1661 2437 1728 juges,
2474 1662 2564 1713 tut
2597 1675 2691 1713 ars
2713 1675 2814 1714 sur
2837 1662 2893 1716 le
2917 1661 3166 1714 marchie

720 1743 975 1809 depre.

1241 1842 1632 1895 Stadsarchiet
1653 1844 1711 1894 te
1733 1842 1996 1906 leporem
2024 1843 2173 1910 Reg.
2198 1842 2321 1896 Van
2342 1840 2668 1895 diverschen
2688 1844 3168 1910 appointememen

1307 1924 1449 1977 ende
1470 1938 1780 1977 nonne-uon
1799 1921 2243 1991 qheeoetrahm,
2270 1927 2404 1984 etc„
2430 1923 2536 1975 tol.
2561 1924 2623 1975 13
2648 1937 2833 1976 verso.

1722 2146 1834 2213 :37
1889 2147 2156 2231 (esser).

822 2360 1003 2424 Vodr
1037 2378 1127 2425 en
1161 2380 1260 2426 na
1310 2367 1517 2426 1384.
1558 2362 1912 2424 UittrekSel
1948 2364 2042 2424 uit
2074 2363 2152 2424 de
2191 2358 2354 2424 Vita
2387 2356 2822 2424 venerabilis
2853 2356 3159 2424 Joanm‘s

706 2457 1236 2522 Brinckerinck
1288 2477 1442 2523 over
1492 2460 1569 2522 de
1617 2462 2077 2538 vervolgingen
2129 2459 2520 2523 onderstaan
2556 2459 2719 2522 door
2742 2459 2821 2522 de
2854 2458 3160 2522 Broeders

703 2574 828 2619 van
853 2558 966 2620 het
991 2561 1303 2621 Gemeene
1330 2561 1537 2620 Leven
1565 2559 1663 2620 als
1688 2558 1998 2620 verdacht
2021 2575 2150 2621 van
2173 2555 2732 2635 ketterij.—V66r
2755 2574 2839 2619 en
2864 2573 2953 2619 na
2976 2558 3160 2619 Geert

703 2655 999 2718 Groote’s
1025 2656 1218 2729 dood,
1261 2657 1508 2719 scheldt
1542 2657 1618 2718 de
1645 2658 1886 2718 slechte
1912 2656 2395 2735 geestelijkheid
2420 2656 2546 2717 hen
2572 2656 2669 2717 uit
2693 2671 2856 2718 voor
2880 2657 3157 2734 Beggar·

701 2753 825 2816 den
858 2772 937 2816 en
987 2755 1333 2818 Lollarden
1379 2772 1458 2817 en
1484 2755 1774 2833 bedreigt
1804 2754 1932 2817 hen
1964 2756 2098 2817 met
2130 2754 2503 2833 ondergang
2536 2771 2617 2815 en
2649 2752 3007 2817 vuurdood.
3048 2753 3157 2815 Als

702 2851 838 2914 hun
872 2852 1278 2915 boschet-mer
1310 2854 1520 2915 treedt
1554 2854 1631 2916 de
1655 2853 2126 2916 Deventersche
2152 2853 2428 2930 schepen
2453 2855 2493 2914 J
2494 2869 2580 2914 an
2602 2853 2704 2913 ter
2729 2854 3015 2915 Poorten
3047 2867 3149 2929 op.

767 3005 1252 3064 Quemadmodum
1288 3007 1564 3072 magister
1598 3007 1885 3059 Gerardus
1910 3007 2097 3058 adhuc
2119 3007 2319 3058 viuens
2344 3005 2553 3057 multas
2577 3006 2930 3056 sustinuerat
2949 3003 3150 3055 moles—

699 3087 808 3138 tias
831 3089 892 3139 et
917 3086 1186 3151 obloquia
1221 3103 1254 3140 a
1289 3088 1583 3140 dissolutis
1618 3089 1928 3148 canonicis,
1953 3090 2114 3154 vagis
2147 3087 2462 3152 monachis,
2485 3086 2793 3144 iocaristis,
2818 3086 3151 3138 concubina·

695 3169 797 3233 rijs
822 3168 1049 3221 clericis
1067 3172 1126 3221 et
1148 3169 1240 3220 his
1264 3170 1567 3232 similibus,
1594 3171 1692 3234 qui
1716 3185 1848 3222 eum
1871 3171 2149 3221 vocabant
2172 3169 2538 3235 Baggardum
2563 3169 2687 3220 siue
2709 3167 3040 3219 Lollardum
3064 3167 3158 3217 aut

696 3248 853 3301 aliud
890 3250 1078 3303 simile
1120 3251 1559 3315 opprobriosum
1600 3252 1938 3303 vocabulum
1979 3251 2370 3316 imponebant,
2414 3264 2483 3302 eo
2519 3251 2668 3314 quod
2703 3248 2822 3301 illis
2856 3250 3152 3301 veritatem

697 3332 931 3391 diceret,
964 3333 1256 3395 nequicias
1284 3346 1483 3383 eorum
1507 3337 1773 3397 carperet
1797 3346 2099 3397 moresque
2123 3333 2441 3398 detegeret.
2471 3333 2556 3383 ita
2580 3333 2639 3383 et
2672 3330 2983 3395 discipulos
3005 3330 3156 3381 illius

696 3413 756 3464 in
781 3414 899 3464 vita
923 3414 1101 3478 ipsius
1128 3415 1187 3464 et
1211 3415 1392 3465 eciam
1415 3418 1546 3478 post
1568 3415 1788 3466 obitum
1804 3414 1877 3480 (2)
1901 3414 2118 3466 eisdem
2141 3413 2503 3479 contumelijs
2529 3413 2876 3465 afficiebant.

765 3495 908 3546 Nam
946 3497 1005 3546 et
1040 3496 1269 3558 quidam
1295 3509 1364 3546 ex
1390 3496 1530 3561 ipsis
1553 3497 1919 3562 ignominosa
1942 3497 2185 3560 quedam
2208 3496 2467 3547 carmina
2491 3496 2940 3560 composuerant
2962 3495 3158 3545 contra

693 3575 848 3638 illos,
884 3589 994 3639 que
1029 3577 1088 3628 in
1126 3577 1382 3629 tabernis
1417 3577 1551 3627 vino
1587 3577 1831 3629 delibuti
1867 3580 2101 3629 cantare
2125 3579 2564 3630 consueuerant.
2592 3576 2704 3641 Alfi
2731 3588 2869 3628 vero
2895 3574 3157 3627 dicebant

693 3673 755 3710 se
803 3672 1002 3709 manus
1053 3673 1345 3724 apponere
1387 3659 1552 3717 velle,
1595 3662 1658 3710 ut
1692 3661 1841 3712 sicut
1864 3659 2131 3711 strumuli
2163 3660 2225 3709 in
2260 3659 2479 3710 truncis
2521 3657 2745 3710 malleis
2793 3657 3151 3709 cederentur.

691 3739 802 3805 ΑΙῇ
845 3753 982 3791 vero
1027 3741 1294 3793 dicebant
1327 3755 1390 3792 se
1424 3740 1627 3793 libenti
1664 3743 1853 3792 animo
1888 3742 2134 3806 cespites
2169 3742 2228 3792 et
2265 3739 2627 3791 combustilia
2660 3752 2952 3803 exponere
2984 3735 3152 3798 velle,

691 3821 897 3885 quibus
944 3823 1222 3887 magister
1268 3823 1558 3874 Get-ardus
1616 3836 1745 3874 cum
1802 3824 1922 3875 suis
1975 3822 2260 3873 Lollardis
2312 3824 2372 3874 et
2427 3822 2666 3887 Beginis
2720 3820 3153 3872 consumeretur

690 3904 749 3954 in
826 3904 982 3954 ndio.

754 3918 879 4037 ξω
926 3987 985 4036 et
1030 3984 1244 4037 similia
1283 3985 1505 4037 familia
1543 3987 1775 4037 Domini
1817 3987 2148 4050 quotidiane
2188 3986 2533 4050 perferebat,
2577 3986 2679 4037 sed
2721 3983 2987 4048 amplius,
3023 3995 3148 4035 cum

689 4067 803 4118 iam
842 4069 1118 4131 patronus
1166 4067 1420 4117 omnium
1465 4068 1806 4119 deuotorum
1853 4068 2131 4133 magister
2175 4066 2462 4119 Gerardus
2510 4067 2767 4127 obiisset,
2817 4067 2902 4118 ita
2946 4068 3010 4117 ut
3056 4064 3145 4114 vix

754 4361 827 4425 (l)
864 4359 964 4410 Dit
984 4360 1237 4424 verwijst
1261 4373 1398 4411 naar
1421 4360 1521 4412 het
1543 4359 1685 4411 tolio
1722 4374 1830 4413 van
1865 4361 1965 4414 het
1986 4361 2255 4427 register,
2282 4359 2524 4412 waaruit
2559 4360 2694 4412 dese
2729 4359 3144 4425 aanteekening

686 4442 845 4494 werd
900 4442 1248 4507 getrokken.
1295 4440 1425 4494 Alle
1470 4442 1868 4509 opzoekingen
1916 4456 2057 4495 naar
2103 4442 2201 4494 dat
2243 4442 2493 4509 register
2530 4440 2734 4494 bleven
2777 4443 2861 4493 tot
2900 4455 3016 4507 nog
3054 4442 3143 4492 toe

689 4525 904 4577 zonder
927 4526 1172 4591 eenigen
1197 4523 1431 4589 uitslag.

756 4607 830 4671 (2)
865 4606 1152 4660 Geeraard
1177 4607 1388 4658 Groote
1411 4605 1579 4658 stiert
1604 4606 1714 4658 den
1741 4605 1806 4657 20
1830 4606 2124 4672 Augustus
2150 4604 2300 4657 1384.
