3526 5522
683 592 778 645 178
1203 593 1844 647 VERBETERINGEN
1880 594 1979 647 EN
2015 589 2601 645 AANVULLINGEN

749 762 833 813 De
850 762 1218 830 verwarring,
1246 764 1388 814 door
1422 762 1629 814 Cousin
1665 763 1908 830 begaan,
1931 761 2092 813 vindt
2113 759 2300 812 hierin
2326 758 2467 812 hare
2492 756 2845 824 verklaring,
2871 756 2975 809 dat
2997 756 3153 821 zijne

680 843 824 896 bron
845 845 952 910 (zie
977 846 1181 914 Corpus
1201 845 1307 902 111.
1333 855 1393 897 nr
1415 846 1500 905 50,
1524 844 1632 898 blz.
1653 844 1739 911 65)
1766 859 1904 896 voor
1926 857 2075 911 geen
2099 857 2206 895 van
2240 843 2310 894 de
2334 843 2480 895 twee
2503 839 2799 894 Bleharies
2834 840 2949 891 den
2976 851 3148 890 voor-

683 940 847 978 naam
871 929 1121 995 opgeett,
1147 942 1217 980 en
1254 929 1351 980 dat
1385 929 1454 981 de
1489 927 1987 994 biizonderheden,
2025 940 2160 979 over
2194 925 2306 977 hen
2339 922 2765 992 medegedeeld,
2792 922 2916 975 niet
2951 920 3147 973 alleen

684 1010 1303 1077 dooreengestrengeld
1345 1013 1473 1076 zijn,
1509 1024 1668 1064 maar
1702 1010 2097 1064 daarenboven
2137 1022 2253 1075 nog
2290 1008 2505 1074 punten
2544 1021 2652 1059 van
2698 1003 3150 1058 overeenkomst

686 1093 1018 1147 aanbieden.

1192 1185 1326 1243 Deel
1355 1188 1464 1249 111,
1502 1191 1564 1241 in
1597 1197 1648 1242 te
1681 1186 1934 1243 lassclten
1965 1203 2045 1241 na
2074 1186 2205 1240 stul»
2237 1195 2306 1239 nr
2331 1186 2395 1245 8,
2430 1184 2540 1238 blz.
2573 1186 2625 1237 2.

705 1290 712 1299 ⁰
754 1298 901 1361 1237,
917 1299 1194 1353 Febr-uari
1217 1301 1297 1365 12,
1321 1300 1506 1353 Ter-ni.
1520 1301 1629 1352 Bul
1648 1315 1757 1353 van
1775 1314 1918 1366 paus
1936 1299 2248 1366 Gregorius
2264 1297 2366 1358 IX,
2379 1296 2606 1365 gericht
2623 1298 2709 1349 tot
2723 1296 2834 1349 den
2849 1294 3150 1361 bisschop,

686 1386 794 1435 den
830 1385 1195 1438 aartsdiaken
1230 1399 1301 1438 en
1339 1398 1519 1438 eenen
1558 1385 1856 1437 kanunnik
1891 1385 2034 1448 (Ade
2070 1385 2140 1436 de
2174 1380 2463 1450 Ronville)
2496 1396 2604 1434 van
2626 1381 2884 1441 Atrecht,
2911 1393 3053 1433 over
3076 1380 3156 1431 de

686 1465 1069 1533 behandeling
1092 1480 1164 1519 en
1188 1468 1258 1520 de
1286 1468 1568 1520 onkosten
1591 1482 1700 1519 van
1725 1467 1826 1519 het
1849 1465 2182 1519 onderhoud
2221 1466 2325 1517 der
2346 1478 2678 1532 gevangene
2700 1463 2938 1516 ketters.
2963 1462 3039 1527 (V
3039 1463 3160 1513 idi-

689 1551 961 1600 mus-acte
980 1550 1189 1602 zonder
1206 1550 1400 1602 datum
1419 1564 1526 1603 van
1541 1550 1742 1612 Jacob,
1762 1549 2029 1615 bisschop
2048 1563 2155 1601 van
2175 1546 2526 1616 Tusculum.)
2543 1574 2611 1586 —
2633 1548 2719 1599 De
2740 1560 2901 1611 paus,
2920 1545 3157 1612 gehoor

691 1633 948 1697 gevende
971 1646 1079 1684 aan
1101 1632 1172 1685 de
1194 1632 1463 1686 klachten
1487 1647 1595 1685 van
1621 1634 1731 1686 den
1757 1632 2194 1685 Doornikschen
2218 1631 2503 1696 bisschop‚
2529 1629 2717 1697 regelt
2738 1630 2835 1683 het
2866 1644 2940 1695 op
2963 1631 3158 1682 water

693 1727 764 1766 en
788 1714 968 1765 brood
990 1713 1194 1769 stellen
1219 1717 1321 1768 der
1338 1716 1704 1784 gekerkerde
1728 1717 1969 1768 ketterS.

761 1816 1074 1879 Universis,
1098 1822 1393 1885 presentes
1416 1820 1637 1873 litteras
1660 1818 2022 1885 inspecturis,
2041 1819 2077 1871 J
2080 1816 2307 1880 acobus,
2327 1818 2694 1872 miseratione
2711 1816 2906 1871 divina
2927 1816 3156 1868 Tuscu-

692 1900 858 1953 lanus
881 1902 1198 1967 episcopus,
1225 1903 1482 1954 eternam
1503 1903 1564 1954 in
1589 1902 1831 1953 Domino
1851 1900 2113 1953 salutem.

759 1983 1047 2036 Noveritis
1087 1999 1190 2036 nos
1226 1984 1448 2037 litteras
1488 1984 1704 2036 domini
1740 1996 1891 2050 pape
1926 1982 2191 2045 bullatas,
2227 1998 2342 2036 non
2380 1983 2626 2044 vitiatas,
2667 1997 2782 2035 non
2821 1984 3159 2047 corruptas,

693 2066 905 2118 vidisse
923 2066 1027 2117 sub
1052 2065 1159 2118 hac
1181 2068 1400 2118 torma:

764 2162 1075 2226 Gregorius
1121 2163 1439 2227 episcopus,
1476 2175 1673 2215 servus
1732 2176 2028 2215 servorum
2061 2162 2189 2223 Dei,
2225 2160 2540 2216 venerabili
2570 2161 2741 2214 tratri
2780 2161 3054 2227 episcopo
3098 2162 3168 2214 et

702 2243 925 2296 dilectis
961 2244 1094 2296 filiis
1134 2246 1592 2312 archidyachono
1627 2248 1686 2299 et
1716 2246 1841 2299 Ade
1876 2248 1946 2299 de
1979 2245 2267 2307 Ronvilla,
2304 2248 2597 2308 canonico,
2631 2245 3167 2305 Attrebatensibus,

703 2326 946 2379 salutem
965 2329 1024 2379 et
1049 2328 1418 2392 apostolicam
1436 2329 1910 2383 benedictionem.

771 2409 857 2460 Ex
881 2411 1043 2474 parte
1065 2410 1407 2462 venerabilis
1427 2412 1625 2463 tratris
1649 2413 1833 2464 nostri
1868 2412 2247 2465 Tornacensis
2269 2413 2524 2478 episcopi
2555 2412 2666 2464 fuit
2698 2413 2889 2463 nostro
2926 2412 3171 2475 aposto·

705 2492 846 2543 latui
865 2492 1260 2558 supplicatum,
1282 2496 1363 2558 ut,
1382 2495 1677 2547 cumidem
1695 2509 1801 2560 pro
1818 2495 2238 2547 incarcerandis
2256 2494 2525 2548 hereticis
2542 2494 2791 2561 propriis
2807 2493 3168 2557 sumptibus,

706 2575 1042 2639 quandoque
1060 2576 1119 2641 (ἵ)
1152 2590 1257 2641 per
1291 2577 1476 2642 ipsum
1499 2578 1836 2642 quandoque
1854 2577 1916 2646 (ἵ)
1950 2591 2055 2642 per
2075 2578 2444 2642 inquisitores
2467 2591 2639 2642 super
2660 2576 2767 2628 hoc
2792 2577 3102 2641 deputatos
3130 2591 3171 2628 a

703 2657 863 2708 vobis
915 2657 1437 2723 deprehenduntur,
1484 2659 1544 2711 in
1598 2661 1829 2726 dyocesi
1873 2660 2248 2713 Tornacensis
2282 2661 2406 2726 (sic)
2451 2660 2759 2726 plurimum
2804 2662 3171 2726 aggravetur

702 2742 1061 2807 (gravaretur
1077 2742 1136 2804 t),
1156 2743 1216 2793 in
1237 2741 1342 2794 hac
1358 2744 1520 2807 parte
1539 2743 1610 2796 de
1627 2743 1982 2810 benignitate
1999 2743 2151 2795 sedis
2171 2742 2481 2808 apostolice
2498 2743 2925 2810 provideremus
2942 2742 3170 2795 eidem.

707 2824 828 2875 Nos
852 2823 1049 2887 igitur,
1071 2825 1325 2891 episcopi
1343 2825 1654 2891 supradicti
1670 2826 1935 2891 precibus
1951 2825 2230 2887 inclinati,
2250 2826 2582 2879 discretioni
2597 2828 2784 2879 vestre
2800 2838 2906 2891 per
2929 2829 3171 2889 aposto·

707 2905 822 2957 lica
843 2907 1055 2971 scripta
1073 2908 1439 2973 precipiendo
1463 2910 1816 2971 mandamus,
1844 2911 2109 2975 quatinus
2145 2910 2287 2962 tales
2320 2923 2426 2975 per
2460 2909 2787 2975 episcopum
2818 2908 2983 2960 vobis
3021 2909 3174 2960 assi-

711 2988 914 3054 gnatos
946 2988 1231 3052 prefatum
1267 2990 1562 3043 abbatibus
1596 2995 1654 3044 et
1687 2992 1815 3044 aliis
1848 2992 2137 3059 religiosis
2159 2994 2447 3044 nominate
2481 2992 2757 3057 dyocesiS,
2784 3005 2928 3055 quos
2952 2991 3027 3042 ad
3055 2991 3175 3042 hoc

712 3070 974 3121 sufficere
996 3072 1289 3137 noveritis,
1312 3073 1667 3139 imperpetuo
1693 3075 2077 3127 detrudendos
2100 3089 2348 3137 carcere,
2370 3088 2441 3127 ne
2464 3074 2685 3139 aliquos
2707 3074 2834 3126 labe
2855 3075 3176 3139 pravitatis

710 3151 965 3205 heretice
1003 3153 1237 3206 inficere
1276 3154 1519 3217 valeant,
1556 3159 1976 3210 communitatis
2014 3172 2161 3224 pane
2206 3159 2331 3210 arto
2377 3161 2436 3209 et
2481 3171 2627 3221 aqua
2661 3157 2840 3215 brevi,
2882 3157 3174 3220 quamdiu

710 3234 975 3292 vixerint,
1013 3237 1409 3290 sustentandos
1447 3238 1687 3305 ibidem3
1725 3241 2172 3293 contradictores
2210 3253 2315 3306 per
2352 3253 2653 3292 censuram
2688 3239 3174 3304 ecclesiasticam,

712 3317 1094 3383 appellatione
1132 3322 1467 3387 postposita,
1507 3326 1938 3388 compescendo.
1977 3323 2139 3385 Quod
2181 3325 2231 3376 si
2273 3338 2387 3377 non
2428 3337 2624 3377 omnes
2657 3322 2767 3374 hiis
2802 3323 3176 3386 exequendis

713 3401 1016 3466 potueritis
1054 3402 1349 3465 interesse,
1388 3406 1467 3468 tu,
1503 3407 1683 3459 trater
1718 3408 2001 3474 episcope,
2038 3421 2167 3461 cum
2200 3420 2401 3461 eorum
2433 3404 2612 3460 altero
2651 3419 2719 3459 ea
2751 3403 3176 3458 nichilominus

716 3496 1038 3547 exequaris.

784 3566 990 3618 Datum
1012 3567 1391 3631 Interamnae,
1416 3584 1456 3624 11
1477 3571 1604 3624 idus
1628 3572 1946 3634 Februarii,
1970 3574 2333 3639 pontificatus
2358 3573 2540 3625 nostri
2562 3586 2709 3625 anno
2734 3571 2975 3624 decimo.

782 3647 848 3783 {jn
872 3651 1034 3745 cujus
1056 3653 1145 3704 rei
1166 3653 1553 3707 testimonium
1576 3658 1872 3720 presentes
1904 3656 2128 3710 litteras
2160 3656 2339 3724 sigilli
2372 3657 2555 3708 nostri
2584 3654 2898 3708 munimine
2919 3654 3182 3708 fecimus

717 3744 783 3782 ro
826 3745 997 3784 orari.

1238 3801 1628 3868 Rijksarchiei
1650 3808 1706 3857 te
1731 3806 1980 3872 Bergen,
2007 3803 2265 3858 Archives
2283 3804 2352 3857 de
2373 3802 2606 3858 l'evechd
2625 3804 2694 3858 de
2724 3803 2992 3858 Toto-nai,
3020 3814 3091 3856 ω’
3110 3804 3183 3855 m

1308 3885 1711 3951 (cartularium
1730 3888 1833 3940 der
1854 3886 1966 3939 13<le
1984 3902 2144 3941 eeuw
2167 3889 2477 3956 afkomstig
2498 3902 2604 3939 van
2623 3887 2723 3939 het
2740 3886 2965 3938 bisdom
2989 3887 3182 3939 Door-

1306 3968 1447 4035 nik),
1471 3969 1571 4021 tol.
1598 3971 1631 4020 5
1653 3971 1875 4022 verso-6
1898 3974 2075 4024 recto.
2098 3999 2167 4010 —
2199 3972 2298 4024 Dit
2330 3969 2678 4038 geliiktijdig
2710 3968 2975 4022 asschrift
3012 3973 3191 4040 geeft·

1309 4064 1490 4104 eenen
1514 4053 1806 4107 duisteren
1828 4067 1900 4107 en
1922 4054 2205 4120 blijkbaar
2224 4054 2511 4107 bedorven
2529 4053 2698 4105 tekst.

1409 4193 1542 4246 Deel
1591 4193 1699 4260 III,
1732 4194 1864 4247 stult
1895 4205 1964 4248 nv·
1992 4196 2099 4258 26,
2133 4195 2246 4249 blz.
2282 4195 2455 4247 29-58.

788 4293 875 4344 De
897 4294 1049 4346 tekst
1070 4310 1177 4348 van
1200 4297 1285 4350 dit
1316 4314 1576 4354 sermoen
1611 4304 1767 4356 werd
1804 4304 1944 4354 door
1976 4304 2071 4370 mn·
2110 4304 2223 4356 ook
2254 4303 2596 4370 uitgegeven
2629 4302 2690 4352 in
2726 4298 2888 4352 Deux
2921 4315 3192 4354 sermm

733 4372 941 4428 inedies
971 4375 1041 4428 de
1072 4376 1216 4432 Jean
1252 4379 1331 4435 du
1363 4382 1508 4452 Fayt
1539 4401 1642 4438 sur
1671 4384 1750 4438 les
1786 4385 2136 4455 Flaqellants
2171 4387 2229 4454 (5
2264 4384 2475 4438 octobre
2498 4383 2651 4450 1349)
2687 4390 2738 4435 et
2769 4397 2873 4435 sur
2896 4381 2951 4434 k
2976 4381 3195 4438 Grand

729 4454 976 4509 Schisma
1007 4457 1320 4516 &Occidam
1358 4465 1538 4534 (¹378)
1571 4468 1631 4519 in
1667 4469 1737 4521 de
1773 4467 2052 4522 Bulletins
2085 4468 2154 4521 de
2192 4467 2529 4522 &Academia
2565 4463 2759 4534 νομοῖο
2796 4462 2868 4517 de
2906 4465 3197 4537 Belyiqua

732 4538 948 4607 (Classe
978 4540 1078 4595 des
1110 4541 1339 4613 latres),
1367 4547 1513 4615 1903,
1551 4559 1631 4601 nr·
1651 4549 1795 4613 9·10,
1830 4551 1939 4603 blz.
1962 4550 2198 4616 694·708,
2225 4564 2297 4604 en
2320 4550 2585 4603 voorzien
2620 4562 2728 4601 van
2763 4560 2909 4601 eene
2944 4549 3199 4605 toelich·

734 4623 906 4676 tende
927 4626 1063 4679 nota
1084 4625 1319 4692 (aldaar,
1344 4631 1453 4684 blz.
1475 4631 1735 4703 688-691).
