3526 5522
791 623 883 675 134
1828 622 2034 678 ANNO
2073 622 2198 676 1483

779 790 1014 855 gardien
1061 791 1120 843 et
1156 790 1399 842 couvent
1436 789 1506 842 de
1551 790 1785 842 envoier
1828 791 2195 856 procuration
2240 790 2522 858 especiale
2567 793 2626 845 et
2669 795 3029 848 soufflssante
3044 804 3055 810 ·
3070 809 3194 861 pour

773 873 1163 939 recognoistre
1190 886 1259 925 en
1278 872 1455 925 ladite
1480 875 1644 925 court
1660 872 1744 926 les
1768 874 2122 939 possessions
2148 875 2218 927 de
2240 875 2547 928 messieurs
2571 876 2642 929 de
2665 876 2922 943 chapitre
2948 880 3008 931 et
3023 893 3194 944 passer

771 953 1012 1006 l’accord
1034 954 1287 1008 d'icelles
1311 956 1543 1022 parties,
1561 956 1705 1007 ainsi
1726 970 1837 1021 que
1862 956 1903 1008 il
1928 970 2060 1010 sera
2082 958 2273 1011 advise
2292 960 2351 1011 et
2373 960 2612 1012 accorde
2634 973 2739 1025 par
2756 958 2840 1013 lez
2862 961 3193 1014 conseilliers

770 1037 982 1089 desdits
1007 1038 1077 1090 de
1096 1038 1352 1103 chapitre
1379 1039 1438 1091 et
1463 1038 1677 1090 desdits
1695 1040 1946 1098 custode,
1976 1041 2215 1107 gardien
2240 1043 2298 1093 et
2314 1044 2556 1094 couvent
2578 1042 2887 1103 ensamble,
2908 1057 2980 1096 en
3006 1045 3191 1097 dedens

767 1118 823 1172 le
857 1120 1107 1185 premier
1137 1121 1270 1186 jour
1304 1121 1375 1173 de
1406 1121 1575 1188 J'uing
1606 1122 1883 1188 prochain
1917 1125 2127 1176 venant
2148 1123 2242 1188 (1),
2278 1125 2471 1177 seront
2509 1125 2661 1177 aussi
2695 1128 2904 1180 mettre
2940 1141 3012 1179 au
3047 1128 3196 1179 neant

767 1201 1151 1268 l’appellation
1175 1217 1284 1268 que
1308 1202 1440 1256 eulx
1464 1206 1525 1256 et
1557 1203 1773 1257 aultres
1796 1203 2084 1272 religieux
2108 1205 2266 1259 client
2288 1208 2446 1259 avoir
2467 1208 2787 1273 interiettet
2808 1208 2961 1262 dela
2982 1208 3192 1262 Faculte

769 1286 839 1338 de
864 1284 1155 1353 theologie
1189 1286 1223 1338 a
1256 1286 1432 1347 Paris,
1459 1286 1518 1339 et
1543 1285 1859 1340 declairent
1881 1301 1991 1352 que
2011 1287 2214 1353 jamais
2238 1288 2311 1340 ilz
2337 1303 2408 1342 ne
2431 1288 2489 1342 la
2510 1289 2741 1344 veulent
2760 1291 3049 1356 pom-suir,
3071 1291 3193 1344 mnis

767 1367 884 1421 s’en
908 1368 1227 1434 deportent,
1251 1382 1323 1421 en
1346 1369 1470 1421 tant
1487 1368 1623 1433 qu'il
1642 1368 1770 1422 leur
1793 1370 2021 1429 touche‚
2047 1372 2106 1423 et
2120 1373 2471 1437 promettent
2493 1372 2563 1426 de
2587 1374 2731 1427 taire
2749 1372 2879 1427 leur
2894 1373 3191 1441 possibilite

764 1464 966 1504 envers
1000 1451 1085 1504 les
1121 1449 1334 1503 aultres
1369 1450 1658 1518 appelans,
1688 1453 1821 1504 affin
1858 1467 1968 1518 que
2001 1467 2105 1521 par
2139 1453 2272 1507 eulx
2296 1455 2444 1507 ainsi
2466 1469 2538 1509 en
2573 1457 2685 1509 soit
2705 1457 2845 1524 fait3
2872 1456 3192 1510 aultrement

762 1535 1067 1587 messieurs
1101 1535 1172 1587 de
1202 1534 1459 1601 chapitre
1493 1535 1834 1588 demouront
1857 1549 1993 1589 avec
2025 1534 2202 1590 ladite
2237 1536 2470 1592 Faculte
2503 1540 2562 1592 et
2595 1540 2999 1593 soustendront
3032 1539 3187 1592 ladite

762 1631 930 1670 cause
953 1620 1013 1671 et
1033 1631 1098 1671 ce
1123 1631 1233 1682 que
1254 1630 1360 1683 par
1382 1618 1518 1671 eulx
1540 1632 1574 1672 a
1590 1621 1712 1673 este
1733 1619 1843 1672 tait
1859 1633 1931 1674 en
1953 1622 2107 1675 ceste
2129 1621 2389 1675 matiere.

1278 1767 1517 1821 Archiet
1548 1768 1653 1821 der
1684 1767 2011 1822 hootdkerk
2045 1771 2101 1822 te
2136 1768 2413 1831 Doornik‚
2443 1767 2758 1824 &reuelato-e
2783 1767 2854 1829 G,
2881 1768 2980 1822 fol.
3008 1770 3099 1821 161
3121 1780 3182 1822 en

1356 1850 1478 1915 1633
1515 1851 1825 1918 atgedrukt
1846 1850 1922 1917 bij
1950 1852 2021 1904 P.
2055 1852 2418 1912 Demeuldre,
2443 1852 2607 1905 Frdre
2625 1851 2771 1906 Jean
2805 1850 3019 1919 Anqeli,
3046 1855 3102 1906 in
3129 1853 3188 1904 de

1351 1931 1629 1986 Bulletins
1669 1930 1740 1987 de
1785 1933 1844 1986 la
1897 1932 2262 1989 Commission
2296 1933 2495 2004 royale
2538 1933 2844 1999 d’histoire,
2885 1935 2969 1986 5⁴¹·
3006 1935 3182 1995 reela,

1351 2014 1479 2069 deel
1524 2015 1682 2078 VIII,
1718 2015 1828 2069 blz.
1869 2015 2111 2069 356-360.
2148 2044 2217 2058 —
2271 2017 2370 2071 Dit
2409 2017 2543 2074 stuk
2579 2019 2628 2070 is
2672 2019 2732 2070 in
2777 2018 2879 2071 het
2926 2017 3186 2086 volgende

1354 2098 1690 2165 ingelascht.

1801 2339 1911 2406 99
1964 2330 2180 2421 (372⁰).

869 2576 1078 2650 1483,
1110 2571 1361 2638 Maart
1392 2577 1428 2635 1
1441 2621 1457 2650 ,
1500 2571 1844 2637 Doornik.
1886 2572 2410 2637 Proces·verbaal
2442 2588 2568 2634 van
2599 2571 2693 2643 de„
2710 2570 3181 2636 overeenkomst

760 2674 1050 2753 gesloten
1081 2674 1383 2737 tusschen
1431 2671 1544 2734 het
1594 2672 1866 2751 kapittel
1918 2690 1997 2735 en
2048 2673 2125 2735 de
2176 2671 2723 2735 Minderbroeders
2755 2689 2882 2735 van
2916 2668 3182 2736 Doornik

758 2774 1130 2853 aangaando
1179 2774 1257 2836 de
1303 2771 1467 2835 zaak
1516 2774 1556 2835 J
1558 2772 1725 2836 ehan
1773 2774 2024 2852 Augen,
2083 2770 2470 2852 opgemaakt
2508 2771 2669 2835 door
2717 2772 2794 2836 de
2839 2773 3177 2837 notarissen

760 2873 1148 2937 Guillermus
1182 2873 1482 2937 Griaume
1508 2889 1589 2936 en
1621 2874 1661 2935 J
1662 2872 1951 2937 ohannes
1983 2872 2062 2936 de
2095 2873 2359 2953 Gauley.

764 3076 933 3146 Copia
965 3080 1323 3132 instrumenti
1344 3079 1672 3132 continentis
1692 3074 1992 3132 accardum
2013 3092 2112 3132 seu
2144 3074 2501 3131 concordiam
2530 3091 2596 3129 ac
2607 3075 3053 3145 pacificationem
3076 3072 3180 3127 litis

827 3169 877 3214 et
896 3163 1265 3215 controversie
1286 3168 1544 3214 ortorum
1564 3159 1643 3214 ad
1675 3174 1908 3214 causam
1935 3159 2332 3229 predicationis
2361 3158 2560 3226 fratris
2590 3156 2864 3212 Johoemts
2897 3155 3090 3226 Anysli
3117 3153 3179 3207 de

823 3242 1023 3298 ordine
1042 3243 1286 3312 fratrum
1307 3245 1610 3305 minorum,
1638 3258 1803 3312 quem
1836 3249 2133 3296 conventus
2163 3243 2415 3311 fi‘atrum
2445 3244 2734 3295 minorum
2766 3238 2938 3309 hujus
2958 3239 3177 3293 civitam

835 3326 1199 3381 Tomaceneis
1212 3327 1495 3380 sustinuit.

823 3472 889 3525 In
916 3473 1144 3526 nomine
1168 3472 1415 3532 Domini,
1444 3486 1627 3525 amen.

825 3557 939 3609 Per
977 3555 1086 3608 hoc
1125 3569 1361 3622 presens
1402 3553 1690 3621 publicum
1728 3555 2169 3608 instrumentum
2209 3554 2427 3608 cunctis
2465 3554 2660 3620 pateat
2698 3552 2993 3606 evidenter
3031 3550 3082 3603 et
3110 3547 3177 3599 sit

760 3640 976 3702 notum,
1001 3640 1151 3703 quod
1188 3652 1335 3690 anno
1374 3638 1628 3703 eiusdem
1652 3637 1880 3690 Domini
1904 3636 2208 3689 millesimo
2233 3636 2790 3708 quadringentesimo
2816 3632 3175 3702 octuagesimo

756 3722 1005 3774 secundo
1041 3722 1350 3773 secundum
1384 3720 1614 3772 modum
1648 3719 1936 3772 scribendi
1969 3719 2029 3771 in
2064 3719 2306 3773 ecclesia
2326 3717 2634 3778 Gallicana,
2659 3718 2971 3770 indictione
2994 3715 3173 3782 prima.

756 3804 848 3856 die
883 3817 1018 3856 vero
1054 3803 1302 3864 Sabbati,
1329 3804 1516 3870 prima
1547 3803 1759 3855 mensis
1795 3802 2015 3868 Marcii,
2053 3804 2184 3855 ante
2218 3801 2589 3860 Dominicam‚
2626 3813 2739 3866 qua
2769 3802 2829 3852 in
2864 3803 3052 3852 sancta
3078 3793 3173 3847 Dei

755 3886 998 3940 ecclesia
1028 3899 1134 3953 pro
1170 3887 1410 3939 introitu
1443 3886 1617 3939 misse
1651 3886 1915 3938 cantatur
1952 3882 2129 3950 Oculi,
2154 3885 2385 3937 circiter
2419 3885 2809 3937 duodecimam
2843 3884 3038 3936 horam
3056 3879 3171 3933 ante

752 3970 1054 4034 prandium
1075 3969 1452 4021 meridianum
1477 3968 1733 4033 ejusdem
1756 3967 1890 4026 diei,
1915 3967 2278 4034 pontificatus
2301 3966 2641 4019 sanctissimi
2663 3967 2722 4018 in
2760 3966 2986 4019 Christo
3017 3961 3173 4032 patris

755 4041 815 4103 et
835 4051 1051 4103 domini
1073 4051 1256 4104 nostri
1280 4051 1493 4103 domini
1510 4050 1664 4103 -Sixti
1688 4051 1881 4103 divina
1901 4050 2269 4115 providencia
2290 4062 2437 4116 pape
2461 4049 2648 4115 quarti
2672 4063 2821 4102 anno
2847 4047 3170 4102 duodecimo.

755 4134 817 4185 in
840 4136 1168 4186 nostrorum
1190 4135 1544 4186 notariorum
1563 4133 1923 4200 publicorum
1945 4135 2005 4186 et
2039 4133 2270 4185 testium
2304 4132 2750 4199 subscriptorum
2786 4133 2858 4185 ad
2891 4133 2997 4185 hoc
3023 4139 3174 4196 prop·

762 4217 923 4268 terea
954 4219 1284 4269 vocatorum
1317 4217 1643 4283 specialiter
1676 4221 1736 4270 et
1768 4218 2100 4284 rogatorum
2133 4217 2448 4282 presencia,
2475 4217 2768 4269 constituti
2803 4218 2863 4269 et
2894 4211 3173 4269 existentes

757 4298 1113 4352 venerabiles
1136 4300 1196 4352 et
1211 4299 1606 4366 circumspecti
1627 4300 1737 4352 viri
1754 4300 1970 4352 domini
1986 4300 2282 4366 presidens
2300 4301 2360 4352 et
2371 4298 2679 4366 capitulum
2698 4299 2939 4366 insignis
2956 4291 3169 4350 ecclesie

760 4379 1138 4448 'tornacensis
1160 4382 1222 4434 in
1246 4394 1444 4435 eorum
1467 4382 1593 4435 loco
1611 4381 1913 4449 capitulari
1931 4381 2324 4448 capitulariter
2340 4380 2694 4449 congregati,
2715 4394 2787 4433 ex
2805 4394 2935 4443 una,
2952 4380 3007 4432 et
3020 4384 3166 4429 vene·

829 4698 903 4764 (1)
938 4696 1012 4753 Of
1032 4713 1261 4753 venans.
