<?xml version="1.0" encoding="UTF-8"?>
<!DOCTYPE html PUBLIC "-//W3C//DTD XHTML 1.0 Transitional//EN"
    "http://www.w3.org/TR/xhtml1/DTD/xhtml1-transitional.dtd">
<html xmlns="http://www.w3.org/1999/xhtml" xml:lang="en" lang="en">
 <head>
  <title>
</title>
<meta http-equiv="Content-Type" content="text/html;charset=utf-8" />
  <meta name='ocr-system' content='tesseract 3.04.00' />
  <meta name='ocr-capabilities' content='ocr_page ocr_carea ocr_par ocr_line ocrx_word'/>
</head>
<body>
  <div class='ocr_page' id='page_1' title='image "./corpusdocumento05frgoog_0089.png"; bbox 0 0 3526 5522; ppageno 0'>
   <div class='ocr_carea' id='block_1_1' title="bbox 1460 525 2886 580">
    <p class='ocr_par' dir='ltr' id='par_1_1' title="bbox 1460 525 2886 580">
     <span class='ocr_line' id='line_1_1' title="bbox 1460 525 2886 580; baseline 0 -2"><span class='ocrx_word' id='word_1_1' title='bbox 1460 526 1671 580; x_wconf 74' lang='lat' dir='ltr'>ANNO</span> <span class='ocrx_word' id='word_1_2' title='bbox 1710 525 1840 577; x_wconf 81' lang='lat'>1349</span> <span class='ocrx_word' id='word_1_3' title='bbox 2819 526 2886 578; x_wconf 85' lang='lat'><strong>33</strong></span> 
     </span>
    </p>
   </div>
   <div class='ocr_carea' id='block_1_2' title="bbox 402 683 2905 4275">
    <p class='ocr_par' dir='ltr' id='par_1_2' title="bbox 402 683 2904 3544">
     <span class='ocr_line' id='line_1_2' title="bbox 410 683 2890 754; baseline 0.003 -21"><span class='ocrx_word' id='word_1_4' title='bbox 410 683 699 746; x_wconf 86' lang='lat' dir='ltr'><strong>inueniat,</strong></span> <span class='ocrx_word' id='word_1_5' title='bbox 723 698 832 737; x_wconf 89' lang='lat' dir='ltr'><strong>nec</strong></span> <span class='ocrx_word' id='word_1_6' title='bbox 851 685 1066 738; x_wconf 88' lang='lat' dir='ltr'><strong>malum</strong></span> <span class='ocrx_word' id='word_1_7' title='bbox 1089 688 1272 740; x_wconf 81' lang='lat' dir='ltr'>enitet</span> <span class='ocrx_word' id='word_1_8' title='bbox 1297 700 1311 738; x_wconf 72' lang='grc' dir='ltr'>ε</span> <span class='ocrx_word' id='word_1_9' title='bbox 1348 689 1540 740; x_wconf 91' lang='lat' dir='ltr'><strong>omnia</strong></span> <span class='ocrx_word' id='word_1_10' title='bbox 1565 689 1720 742; x_wconf 91' lang='lat' dir='ltr'><strong>enim</strong></span> <span class='ocrx_word' id='word_1_11' title='bbox 1749 690 1944 754; x_wconf 84' lang='lat' dir='ltr'><strong>posuit</strong></span> <span class='ocrx_word' id='word_1_12' title='bbox 1966 690 2122 741; x_wconf 88' lang='lat' dir='ltr'><strong>Deus</strong></span> <span class='ocrx_word' id='word_1_13' title='bbox 2145 690 2205 741; x_wconf 91' lang='lat' dir='ltr'><strong>in</strong></span> <span class='ocrx_word' id='word_1_14' title='bbox 2229 689 2446 751; x_wconf 83' lang='lat' dir='ltr'><strong>labore,</strong></span> <span class='ocrx_word' id='word_1_15' title='bbox 2472 690 2619 741; x_wconf 91' lang='lat' dir='ltr'><strong>utin</strong></span> <span class='ocrx_word' id='word_1_16' title='bbox 2644 690 2799 741; x_wconf 90' lang='lat' dir='ltr'><strong>omni</strong></span> <span class='ocrx_word' id='word_1_17' title='bbox 2822 702 2890 742; x_wconf 89' lang='lat' dir='ltr'><strong>re</strong></span> 
     </span>
     <span class='ocr_line' id='line_1_3' title="bbox 407 766 2885 837; baseline 0 -21"><span class='ocrx_word' id='word_1_18' title='bbox 407 766 740 818; x_wconf 77' lang='lat' dir='ltr'><strong>mercedem</strong></span> <span class='ocrx_word' id='word_1_19' title='bbox 758 770 1066 831; x_wconf 74' lang='lat' dir='ltr'><strong>prestaret,</strong></span> <span class='ocrx_word' id='word_1_20' title='bbox 1085 770 1397 823; x_wconf 89' lang='lat' dir='ltr'><strong>secundum</strong></span> <span class='ocrx_word' id='word_1_21' title='bbox 1413 770 1556 823; x_wconf 89' lang='lat' dir='ltr'><strong>illud</strong></span> <span class='ocrx_word' id='word_1_22' title='bbox 1573 771 1678 824; x_wconf 92' lang='lat' dir='ltr'><strong>Iob</strong></span> <span class='ocrx_word' id='word_1_23' title='bbox 1705 792 1718 828; x_wconf 86' lang='lat'>:</span> <span class='ocrx_word' id='word_1_24' title='bbox 1742 790 1769 814; x_wconf 70' lang='lat' dir='ltr'>a</span> <span class='ocrx_word' id='word_1_25' title='bbox 1790 769 1988 823; x_wconf 90' lang='lat' dir='ltr'><strong>Omnis</strong></span> <span class='ocrx_word' id='word_1_26' title='bbox 2009 772 2129 824; x_wconf 84' lang='lat' dir='ltr'><strong>vita</strong></span> <span class='ocrx_word' id='word_1_27' title='bbox 2150 774 2349 823; x_wconf 89' lang='lat' dir='ltr'><strong>nostra</strong></span> <span class='ocrx_word' id='word_1_28' title='bbox 2365 771 2664 837; x_wconf 89' lang='lat' dir='ltr'><strong>temptatio</strong></span> <span class='ocrx_word' id='word_1_29' title='bbox 2684 772 2788 823; x_wconf 88' lang='lat' dir='ltr'><strong>est.</strong></span> <span class='ocrx_word' id='word_1_30' title='bbox 2810 793 2837 817; x_wconf 72' lang='lat'><strong>.-</strong></span> <span class='ocrx_word' id='word_1_31' title='bbox 2858 794 2885 817; x_wconf 72' lang='lat'><strong>‚-</strong></span> 
     </span>
     <span class='ocr_line' id='line_1_4' title="bbox 408 846 2891 920; baseline 0.003 -22"><span class='ocrx_word' id='word_1_32' title='bbox 408 846 539 899; x_wconf 83' lang='lat' dir='ltr'><strong>Hec</strong></span> <span class='ocrx_word' id='word_1_33' title='bbox 561 847 682 900; x_wconf 90' lang='lat' dir='ltr'><strong>ille.</strong></span> <span class='ocrx_word' id='word_1_34' title='bbox 709 850 910 901; x_wconf 88' lang='lat' dir='ltr'><strong>Primo</strong></span> <span class='ocrx_word' id='word_1_35' title='bbox 945 851 1173 914; x_wconf 90' lang='lat' dir='ltr'><strong>quidem</strong></span> <span class='ocrx_word' id='word_1_36' title='bbox 1206 853 1404 905; x_wconf 81' lang='lat' dir='ltr'><strong>vident</strong></span> <span class='ocrx_word' id='word_1_37' title='bbox 1424 854 1666 919; x_wconf 89' lang='lat' dir='ltr'><strong>predictj</strong></span> <span class='ocrx_word' id='word_1_38' title='bbox 1694 855 1967 918; x_wconf 87' lang='lat' dir='ltr'><strong>quosdam</strong></span> <span class='ocrx_word' id='word_1_39' title='bbox 1992 854 2320 906; x_wconf 76' lang='lat' dir='ltr'><strong>sacerdotes</strong></span> <span class='ocrx_word' id='word_1_40' title='bbox 2344 856 2403 906; x_wconf 91' lang='lat' dir='ltr'><strong>et</strong></span> <span class='ocrx_word' id='word_1_41' title='bbox 2424 853 2731 920; x_wconf 87' lang='lat' dir='ltr'><strong>religiosos</strong></span> <span class='ocrx_word' id='word_1_42' title='bbox 2754 852 2891 906; x_wconf 86' lang='lat' dir='ltr'><strong>huic</strong></span> 
     </span>
     <span class='ocr_line' id='line_1_5' title="bbox 405 932 2889 1001; baseline 0.002 -20"><span class='ocrx_word' id='word_1_43' title='bbox 405 933 569 981; x_wconf 88' lang='lat' dir='ltr'><strong>secte</strong></span> <span class='ocrx_word' id='word_1_44' title='bbox 591 932 813 989; x_wconf 87' lang='lat' dir='ltr'><strong>fauere,</strong></span> <span class='ocrx_word' id='word_1_45' title='bbox 840 933 938 996; x_wconf 87' lang='lat' dir='ltr'><strong>qui</strong></span> <span class='ocrx_word' id='word_1_46' title='bbox 973 934 1184 985; x_wconf 87' lang='lat' dir='ltr'><strong>debent</strong></span> <span class='ocrx_word' id='word_1_47' title='bbox 1216 934 1346 986; x_wconf 87' lang='lat' dir='ltr'><strong>aliis</strong></span> <span class='ocrx_word' id='word_1_48' title='bbox 1370 949 1496 988; x_wconf 89' lang='lat' dir='ltr'><strong>esse</strong></span> <span class='ocrx_word' id='word_1_49' title='bbox 1531 935 1859 1001; x_wconf 82' lang='lat' dir='ltr'><strong>exemplum</strong></span> <span class='ocrx_word' id='word_1_50' title='bbox 1882 937 1944 987; x_wconf 90' lang='lat' dir='ltr'><strong>et</strong></span> <span class='ocrx_word' id='word_1_51' title='bbox 1962 937 2150 987; x_wconf 88' lang='lat' dir='ltr'><strong>forma</strong></span> <span class='ocrx_word' id='word_1_52' title='bbox 2186 937 2439 1001; x_wconf 81' lang='lat' dir='ltr'><strong>viuendj‚</strong></span> <span class='ocrx_word' id='word_1_53' title='bbox 2465 937 2766 988; x_wconf 89' lang='lat' dir='ltr'><strong>credentes</strong></span> <span class='ocrx_word' id='word_1_54' title='bbox 2789 950 2889 988; x_wconf 86' lang='lat' dir='ltr'><strong>eos</strong></span> 
     </span>
     <span class='ocr_line' id='line_1_6' title="bbox 403 1011 2904 1082; baseline 0.003 -20"><span class='ocrx_word' id='word_1_55' title='bbox 403 1011 553 1063; x_wconf 80' lang='lat' dir='ltr'><strong>talia</strong></span> <span class='ocrx_word' id='word_1_56' title='bbox 575 1027 690 1064; x_wconf 91' lang='lat' dir='ltr'><strong>non</strong></span> <span class='ocrx_word' id='word_1_57' title='bbox 712 1015 984 1074; x_wconf 86' lang='lat' dir='ltr'><strong>facturos,</strong></span> <span class='ocrx_word' id='word_1_58' title='bbox 1004 1017 1056 1068; x_wconf 90' lang='lat' dir='ltr'><strong>si</strong></span> <span class='ocrx_word' id='word_1_59' title='bbox 1078 1018 1272 1069; x_wconf 87' lang='lat' dir='ltr'><strong>essent</strong></span> <span class='ocrx_word' id='word_1_60' title='bbox 1292 1017 1516 1081; x_wconf 88' lang='lat' dir='ltr'><strong>illicita,</strong></span> <span class='ocrx_word' id='word_1_61' title='bbox 1541 1019 1601 1070; x_wconf 91' lang='lat' dir='ltr'><strong>et</strong></span> <span class='ocrx_word' id='word_1_62' title='bbox 1623 1032 1737 1069; x_wconf 92' lang='lat' dir='ltr'><strong>non</strong></span> <span class='ocrx_word' id='word_1_63' title='bbox 1761 1017 2129 1070; x_wconf 76' lang='lat' dir='ltr'><strong>considerant</strong></span> <span class='ocrx_word' id='word_1_64' title='bbox 2151 1032 2248 1070; x_wconf 91' lang='lat' dir='ltr'><strong>seu</strong></span> <span class='ocrx_word' id='word_1_65' title='bbox 2277 1018 2606 1078; x_wconf 86' lang='lat' dir='ltr'><strong>aduertunt,</strong></span> <span class='ocrx_word' id='word_1_66' title='bbox 2629 1019 2781 1082; x_wconf 90' lang='lat' dir='ltr'><strong>quod</strong></span> <span class='ocrx_word' id='word_1_67' title='bbox 2805 1018 2904 1069; x_wconf 90' lang='lat' dir='ltr'><strong>ait·</strong></span> 
     </span>
     <span class='ocr_line' id='line_1_7' title="bbox 407 1093 2886 1165; baseline 0.002 -21"><span class='ocrx_word' id='word_1_68' title='bbox 407 1093 676 1146; x_wconf 81' lang='lat' dir='ltr'><strong>Christus</strong></span> <span class='ocrx_word' id='word_1_69' title='bbox 716 1094 1000 1149; x_wconf 69' lang='lat' dir='ltr'><strong>Mathei&#39;i’</strong></span> <span class='ocrx_word' id='word_1_70' title='bbox 1031 1098 1146 1163; x_wconf 84' lang='lat' dir='ltr'><strong>(l):</strong></span> <span class='ocrx_word' id='word_1_71' title='bbox 1186 1100 1527 1152; x_wconf 64' lang='lat' dir='ltr'><strong>nattendite</strong></span> <span class='ocrx_word' id='word_1_72' title='bbox 1561 1113 1596 1152; x_wconf 90' lang='lat' dir='ltr'><strong>a</strong></span> <span class='ocrx_word' id='word_1_73' title='bbox 1627 1099 1791 1151; x_wconf 86' lang='lat' dir='ltr'><strong>falsis</strong></span> <span class='ocrx_word' id='word_1_74' title='bbox 1822 1100 2140 1165; x_wconf 88' lang='lat' dir='ltr'><strong>prophetis,</strong></span> <span class='ocrx_word' id='word_1_75' title='bbox 2179 1101 2276 1165; x_wconf 82' lang='lat' dir='ltr'><strong>quj</strong></span> <span class='ocrx_word' id='word_1_76' title='bbox 2314 1101 2552 1151; x_wconf 84' lang='lat' dir='ltr'><strong>veniunt</strong></span> <span class='ocrx_word' id='word_1_77' title='bbox 2586 1101 2656 1151; x_wconf 89' lang='lat' dir='ltr'><strong>ad</strong></span> <span class='ocrx_word' id='word_1_78' title='bbox 2691 1113 2791 1150; x_wconf 87' lang='lat' dir='ltr'><strong>vos</strong></span> <span class='ocrx_word' id='word_1_79' title='bbox 2825 1100 2886 1150; x_wconf 90' lang='lat' dir='ltr'><strong>in</strong></span> 
     </span>
     <span class='ocr_line' id='line_1_8' title="bbox 404 1177 2892 1247; baseline 0.003 -21"><span class='ocrx_word' id='word_1_80' title='bbox 404 1177 772 1230; x_wconf 75' lang='lat' dir='ltr'><strong>vestimentis</strong></span> <span class='ocrx_word' id='word_1_81' title='bbox 808 1180 1021 1242; x_wconf 88' lang='lat' dir='ltr'><strong>ouium,</strong></span> <span class='ocrx_word' id='word_1_82' title='bbox 1046 1181 1396 1235; x_wconf 87' lang='lat' dir='ltr'><strong>intrinsecus</strong></span> <span class='ocrx_word' id='word_1_83' title='bbox 1430 1183 1621 1234; x_wconf 88' lang='lat' dir='ltr'><strong>autem</strong></span> <span class='ocrx_word' id='word_1_84' title='bbox 1650 1183 1787 1233; x_wconf 87' lang='lat' dir='ltr'><strong>sunt</strong></span> <span class='ocrx_word' id='word_1_85' title='bbox 1809 1182 1927 1247; x_wconf 86' lang='lat' dir='ltr'><strong>lupj</strong></span> <span class='ocrx_word' id='word_1_86' title='bbox 1955 1196 2212 1247; x_wconf 75' lang='lat' dir='ltr'><strong>rapaceS.</strong></span> <span class='ocrx_word' id='word_1_87' title='bbox 2243 1204 2269 1227; x_wconf 73' lang='lat' dir='ltr'>n</span> <span class='ocrx_word' id='word_1_88' title='bbox 2295 1181 2441 1234; x_wconf 87' lang='lat' dir='ltr'><strong>Item</strong></span> <span class='ocrx_word' id='word_1_89' title='bbox 2464 1183 2660 1233; x_wconf 83' lang='lat' dir='ltr'><strong>vident</strong></span> <span class='ocrx_word' id='word_1_90' title='bbox 2682 1195 2751 1234; x_wconf 83' lang='lat' dir='ltr'><strong>ex</strong></span> <span class='ocrx_word' id='word_1_91' title='bbox 2777 1181 2892 1233; x_wconf 87' lang='lat' dir='ltr'><strong>ista</strong></span> 
     </span>
     <span class='ocr_line' id='line_1_9' title="bbox 407 1260 2893 1328; baseline 0.002 -19"><span class='ocrx_word' id='word_1_92' title='bbox 407 1260 572 1310; x_wconf 80' lang='lat' dir='ltr'><strong>secta</strong></span> <span class='ocrx_word' id='word_1_93' title='bbox 617 1260 863 1323; x_wconf 88' lang='lat' dir='ltr'><strong>quedam</strong></span> <span class='ocrx_word' id='word_1_94' title='bbox 909 1261 1078 1324; x_wconf 85' lang='lat' dir='ltr'><strong>bona,</strong></span> <span class='ocrx_word' id='word_1_95' title='bbox 1138 1265 1343 1328; x_wconf 88' lang='lat' dir='ltr'><strong>utputa</strong></span> <span class='ocrx_word' id='word_1_96' title='bbox 1392 1264 1834 1316; x_wconf 74' lang='lat' dir='ltr'><strong>reformationes</strong></span> <span class='ocrx_word' id='word_1_97' title='bbox 1896 1265 2330 1325; x_wconf 77' lang='lat' dir='ltr'><strong>discordiarum,</strong></span> <span class='ocrx_word' id='word_1_98' title='bbox 2378 1263 2787 1315; x_wconf 83' lang='lat' dir='ltr'><strong>continentiam</strong></span> <span class='ocrx_word' id='word_1_99' title='bbox 2832 1265 2893 1315; x_wconf 91' lang='lat' dir='ltr'><strong>et</strong></span> 
     </span>
     <span class='ocr_line' id='line_1_10' title="bbox 405 1340 2892 1410; baseline 0.002 -19"><span class='ocrx_word' id='word_1_100' title='bbox 405 1340 626 1392; x_wconf 81' lang='lat' dir='ltr'><strong>similia</strong></span> <span class='ocrx_word' id='word_1_101' title='bbox 653 1344 984 1406; x_wconf 89' lang='lat' dir='ltr'><strong>prouenire,</strong></span> <span class='ocrx_word' id='word_1_102' title='bbox 1010 1359 1124 1396; x_wconf 89' lang='lat' dir='ltr'><strong>non</strong></span> <span class='ocrx_word' id='word_1_103' title='bbox 1150 1346 1538 1407; x_wconf 72' lang='lat' dir='ltr'><strong>adum-tentes,</strong></span> <span class='ocrx_word' id='word_1_104' title='bbox 1573 1346 1725 1410; x_wconf 89' lang='lat' dir='ltr'><strong>quod</strong></span> <span class='ocrx_word' id='word_1_105' title='bbox 1759 1345 2085 1410; x_wconf 73' lang='lat' dir='ltr'><strong>huiusmodi</strong></span> <span class='ocrx_word' id='word_1_106' title='bbox 2125 1345 2275 1396; x_wconf 90' lang='lat' dir='ltr'><strong>bona</strong></span> <span class='ocrx_word' id='word_1_107' title='bbox 2308 1347 2442 1397; x_wconf 89' lang='lat' dir='ltr'><strong>sunt</strong></span> <span class='ocrx_word' id='word_1_108' title='bbox 2472 1346 2714 1408; x_wconf 90' lang='lat' dir='ltr'><strong>quedam</strong></span> <span class='ocrx_word' id='word_1_109' title='bbox 2739 1345 2892 1396; x_wconf 89' lang='lat' dir='ltr'><strong>deci-</strong></span> 
     </span>
     <span class='ocr_line' id='line_1_11' title="bbox 406 1421 2893 1494; baseline 0.002 -20"><span class='ocrx_word' id='word_1_110' title='bbox 406 1421 547 1487; x_wconf 85' lang='lat' dir='ltr'><strong>pule</strong></span> <span class='ocrx_word' id='word_1_111' title='bbox 570 1423 805 1486; x_wconf 84' lang='lat' dir='ltr'><strong>diaboli,</strong></span> <span class='ocrx_word' id='word_1_112' title='bbox 832 1426 950 1490; x_wconf 87' lang='lat' dir='ltr'><strong>quj,</strong></span> <span class='ocrx_word' id='word_1_113' title='bbox 975 1427 1395 1493; x_wconf 85' lang='lat' dir='ltr'><strong>transfigurans</strong></span> <span class='ocrx_word' id='word_1_114' title='bbox 1418 1441 1483 1479; x_wconf 88' lang='lat' dir='ltr'><strong>se</strong></span> <span class='ocrx_word' id='word_1_115' title='bbox 1509 1428 1568 1479; x_wconf 91' lang='lat' dir='ltr'><strong>in</strong></span> <span class='ocrx_word' id='word_1_116' title='bbox 1594 1427 1865 1494; x_wconf 83' lang='lat' dir='ltr'><strong>angelum</strong></span> <span class='ocrx_word' id='word_1_117' title='bbox 1889 1427 2052 1483; x_wconf 88' lang='lat' dir='ltr'><strong>lucis,</strong></span> <span class='ocrx_word' id='word_1_118' title='bbox 2083 1429 2187 1479; x_wconf 92' lang='lat' dir='ltr'><strong>sub</strong></span> <span class='ocrx_word' id='word_1_119' title='bbox 2215 1429 2406 1493; x_wconf 88' lang='lat' dir='ltr'><strong>specie</strong></span> <span class='ocrx_word' id='word_1_120' title='bbox 2428 1428 2563 1491; x_wconf 87' lang='lat' dir='ltr'><strong>bonj</strong></span> <span class='ocrx_word' id='word_1_121' title='bbox 2601 1425 2893 1491; x_wconf 85' lang='lat' dir='ltr'><strong>simplices</strong></span> 
     </span>
     <span class='ocr_line' id='line_1_12' title="bbox 408 1504 2889 1577; baseline 0.001 -22"><span class='ocrx_word' id='word_1_122' title='bbox 408 1504 648 1569; x_wconf 87' lang='lat' dir='ltr'><strong>decipit.</strong></span> <span class='ocrx_word' id='word_1_123' title='bbox 673 1506 760 1558; x_wconf 92' lang='lat' dir='ltr'><strong>De</strong></span> <span class='ocrx_word' id='word_1_124' title='bbox 783 1521 896 1570; x_wconf 91' lang='lat' dir='ltr'><strong>quo</strong></span> <span class='ocrx_word' id='word_1_125' title='bbox 921 1507 1225 1575; x_wconf 86' lang='lat' dir='ltr'><strong>Origenes,</strong></span> <span class='ocrx_word' id='word_1_126' title='bbox 1271 1509 1484 1562; x_wconf 81' lang='lat' dir='ltr'><strong>Omilia</strong></span> <span class='ocrx_word' id='word_1_127' title='bbox 1508 1511 1542 1558; x_wconf 82' lang='lat'><em>7</em></span> <span class='ocrx_word' id='word_1_128' title='bbox 1559 1524 1727 1577; x_wconf 81' lang='lat' dir='ltr'><strong>super</strong></span> <span class='ocrx_word' id='word_1_129' title='bbox 1759 1507 2043 1571; x_wconf 70' lang='lat' dir='ltr'><strong>Ezechiel,</strong></span> <span class='ocrx_word' id='word_1_130' title='bbox 2069 1510 2153 1560; x_wconf 90' lang='lat' dir='ltr'><strong>sic</strong></span> <span class='ocrx_word' id='word_1_131' title='bbox 2188 1510 2271 1560; x_wconf 87' lang='lat' dir='ltr'><strong>ait</strong></span> <span class='ocrx_word' id='word_1_132' title='bbox 2294 1529 2308 1559; x_wconf 75' lang='grc' dir='ltr'>ι</span> <span class='ocrx_word' id='word_1_133' title='bbox 2345 1528 2371 1551; x_wconf 71' lang='grc' dir='ltr'><strong>κ</strong></span> <span class='ocrx_word' id='word_1_134' title='bbox 2397 1509 2688 1566; x_wconf 86' lang='lat' dir='ltr'><strong>Quomodo</strong></span> <span class='ocrx_word' id='word_1_135' title='bbox 2721 1521 2889 1571; x_wconf 90' lang='lat' dir='ltr'><strong>quas·</strong></span> 
     </span>
     <span class='ocr_line' id='line_1_13' title="bbox 408 1587 2891 1656; baseline 0.001 -19"><span class='ocrx_word' id='word_1_136' title='bbox 408 1587 543 1637; x_wconf 88' lang='lat' dir='ltr'><strong>dam</strong></span> <span class='ocrx_word' id='word_1_137' title='bbox 587 1587 894 1640; x_wconf 87' lang='lat' dir='ltr'><strong>illecebras</strong></span> <span class='ocrx_word' id='word_1_138' title='bbox 938 1603 1201 1642; x_wconf 82' lang='lat' dir='ltr'><strong>escarum</strong></span> <span class='ocrx_word' id='word_1_139' title='bbox 1246 1603 1496 1656; x_wconf 89' lang='lat' dir='ltr'><strong>aucupes</strong></span> <span class='ocrx_word' id='word_1_140' title='bbox 1539 1592 1888 1656; x_wconf 89' lang='lat' dir='ltr'><strong>proponunt,</strong></span> <span class='ocrx_word' id='word_1_141' title='bbox 1937 1592 2000 1642; x_wconf 89' lang='lat' dir='ltr'><strong>ut</strong></span> <span class='ocrx_word' id='word_1_142' title='bbox 2045 1590 2274 1642; x_wconf 74' lang='lat' dir='ltr'><strong>facilius</strong></span> <span class='ocrx_word' id='word_1_143' title='bbox 2319 1603 2458 1642; x_wconf 90' lang='lat' dir='ltr'><strong>aues</strong></span> <span class='ocrx_word' id='word_1_144' title='bbox 2502 1591 2733 1654; x_wconf 88' lang='lat' dir='ltr'><strong>capiant</strong></span> <span class='ocrx_word' id='word_1_145' title='bbox 2784 1602 2891 1654; x_wconf 90' lang='lat' dir='ltr'><strong>per</strong></span> 
     </span>
     <span class='ocr_line' id='line_1_14' title="bbox 408 1668 2893 1737; baseline 0.001 -18"><span class='ocrx_word' id='word_1_146' title='bbox 408 1668 898 1723; x_wconf 88' lang='lat' dir='ltr'><strong>oblectamentum</strong></span> <span class='ocrx_word' id='word_1_147' title='bbox 919 1672 1074 1737; x_wconf 85' lang='lat' dir='ltr'><strong>gule,</strong></span> <span class='ocrx_word' id='word_1_148' title='bbox 1100 1674 1247 1737; x_wconf 88' lang='lat' dir='ltr'><strong>[sic],</strong></span> <span class='ocrx_word' id='word_1_149' title='bbox 1275 1675 1341 1726; x_wconf 92' lang='lat' dir='ltr'><strong>ut</strong></span> <span class='ocrx_word' id='word_1_150' title='bbox 1363 1673 1628 1725; x_wconf 87' lang='lat' dir='ltr'><strong>audatius</strong></span> <span class='ocrx_word' id='word_1_151' title='bbox 1662 1674 1867 1732; x_wconf 91' lang='lat' dir='ltr'><strong>dicam,</strong></span> <span class='ocrx_word' id='word_1_152' title='bbox 1893 1676 1984 1724; x_wconf 87' lang='lat' dir='ltr'><strong>est</strong></span> <span class='ocrx_word' id='word_1_153' title='bbox 2014 1673 2256 1736; x_wconf 86' lang='lat' dir='ltr'><strong>quedam</strong></span> <span class='ocrx_word' id='word_1_154' title='bbox 2292 1672 2526 1723; x_wconf 88' lang='lat' dir='ltr'><strong>castitas</strong></span> <span class='ocrx_word' id='word_1_155' title='bbox 2561 1670 2794 1734; x_wconf 88' lang='lat' dir='ltr'><strong>diaboli,</strong></span> <span class='ocrx_word' id='word_1_156' title='bbox 2827 1671 2893 1735; x_wconf 84' lang='lat' dir='ltr'><strong>jd</strong></span> 
     </span>
     <span class='ocr_line' id='line_1_15' title="bbox 408 1751 2894 1820; baseline 0 -18"><span class='ocrx_word' id='word_1_157' title='bbox 408 1753 504 1802; x_wconf 86' lang='lat' dir='ltr'><strong>est</strong></span> <span class='ocrx_word' id='word_1_158' title='bbox 528 1751 795 1815; x_wconf 86' lang='lat' dir='ltr'><strong>decipula</strong></span> <span class='ocrx_word' id='word_1_159' title='bbox 815 1753 1062 1807; x_wconf 87' lang='lat' dir='ltr'><strong>humane</strong></span> <span class='ocrx_word' id='word_1_160' title='bbox 1098 1755 1307 1820; x_wconf 80' lang='lat' dir='ltr'><strong>anime,</strong></span> <span class='ocrx_word' id='word_1_161' title='bbox 1332 1756 1398 1806; x_wconf 90' lang='lat' dir='ltr'><strong>ut</strong></span> <span class='ocrx_word' id='word_1_162' title='bbox 1417 1768 1524 1820; x_wconf 91' lang='lat' dir='ltr'><strong>per</strong></span> <span class='ocrx_word' id='word_1_163' title='bbox 1546 1755 1868 1820; x_wconf 73' lang='lat' dir='ltr'><strong>istiusmodi</strong></span> <span class='ocrx_word' id='word_1_164' title='bbox 1893 1755 2211 1807; x_wconf 84' lang='lat' dir='ltr'><strong>castitatem</strong></span> <span class='ocrx_word' id='word_1_165' title='bbox 2235 1756 2295 1806; x_wconf 90' lang='lat' dir='ltr'><strong>et</strong></span> <span class='ocrx_word' id='word_1_166' title='bbox 2315 1754 2809 1805; x_wconf 86' lang='lat' dir='ltr'><strong>mansuetudinem</strong></span> <span class='ocrx_word' id='word_1_167' title='bbox 2834 1753 2894 1805; x_wconf 91' lang='lat' dir='ltr'><strong>et</strong></span> 
     </span>
     <span class='ocr_line' id='line_1_16' title="bbox 416 1832 2892 1903; baseline 0 -18"><span class='ocrx_word' id='word_1_168' title='bbox 416 1833 707 1886; x_wconf 87' lang='lat' dir='ltr'><strong>iusticiam</strong></span> <span class='ocrx_word' id='word_1_169' title='bbox 731 1835 916 1899; x_wconf 87' lang='lat' dir='ltr'><strong>possit</strong></span> <span class='ocrx_word' id='word_1_170' title='bbox 935 1836 1163 1889; x_wconf 73' lang='lat' dir='ltr'><strong>facilius</strong></span> <span class='ocrx_word' id='word_1_171' title='bbox 1185 1850 1391 1903; x_wconf 84' lang='lat' dir='ltr'><strong>capere</strong></span> <span class='ocrx_word' id='word_1_172' title='bbox 1415 1838 1477 1889; x_wconf 90' lang='lat' dir='ltr'><strong>et</strong></span> <span class='ocrx_word' id='word_1_173' title='bbox 1496 1836 1660 1889; x_wconf 86' lang='lat' dir='ltr'><strong>falsis</strong></span> <span class='ocrx_word' id='word_1_174' title='bbox 1683 1837 2044 1889; x_wconf 86' lang='lat' dir='ltr'><strong>sermonibus</strong></span> <span class='ocrx_word' id='word_1_175' title='bbox 2066 1835 2318 1888; x_wconf 86' lang='lat' dir='ltr'><strong>irretire.</strong></span> <span class='ocrx_word' id='word_1_176' title='bbox 2346 1836 2605 1887; x_wconf 87' lang='lat' dir='ltr'><strong>Diuersis</strong></span> <span class='ocrx_word' id='word_1_177' title='bbox 2629 1832 2892 1886; x_wconf 85' lang='lat' dir='ltr'><strong>diabolus</strong></span> 
     </span>
     <span class='ocr_line' id='line_1_17' title="bbox 414 1916 2886 1985; baseline 0 -19"><span class='ocrx_word' id='word_1_178' title='bbox 414 1917 642 1981; x_wconf 80' lang='lat' dir='ltr'><strong>pugnat</strong></span> <span class='ocrx_word' id='word_1_179' title='bbox 670 1917 917 1981; x_wconf 66' lang='lat' dir='ltr'><strong>insidiis,</strong></span> <span class='ocrx_word' id='word_1_180' title='bbox 941 1920 1007 1970; x_wconf 90' lang='lat' dir='ltr'><strong>ut</strong></span> <span class='ocrx_word' id='word_1_181' title='bbox 1037 1919 1314 1972; x_wconf 85' lang='lat' dir='ltr'><strong>miserum</strong></span> <span class='ocrx_word' id='word_1_182' title='bbox 1336 1919 1540 1985; x_wconf 89' lang='lat' dir='ltr'><strong>perdat</strong></span> <span class='ocrx_word' id='word_1_183' title='bbox 1573 1919 1865 1971; x_wconf 89' lang='lat' dir='ltr'><strong>hominem</strong></span> <span class='ocrx_word' id='word_1_184' title='bbox 1882 1918 1972 1981; x_wconf 82' lang='grc'><strong>(2).</strong></span> <span class='ocrx_word' id='word_1_185' title='bbox 1999 1940 2025 1964; x_wconf 71' lang='grc' dir='ltr'><strong>ι»</strong></span> <span class='ocrx_word' id='word_1_186' title='bbox 2051 1918 2175 1969; x_wconf 88' lang='lat' dir='ltr'><strong>Hec</strong></span> <span class='ocrx_word' id='word_1_187' title='bbox 2200 1917 2320 1970; x_wconf 88' lang='lat' dir='ltr'><strong>ille.</strong></span> <span class='ocrx_word' id='word_1_188' title='bbox 2348 1916 2565 1976; x_wconf 88' lang='lat' dir='ltr'><strong>Quibus</strong></span> <span class='ocrx_word' id='word_1_189' title='bbox 2590 1918 2886 1981; x_wconf 88' lang='lat' dir='ltr'><strong>consonat,</strong></span> 
     </span>
     <span class='ocr_line' id='line_1_18' title="bbox 414 1998 2890 2069; baseline 0 -20"><span class='ocrx_word' id='word_1_190' title='bbox 414 1998 571 2060; x_wconf 88' lang='lat' dir='ltr'><strong>quod</strong></span> <span class='ocrx_word' id='word_1_191' title='bbox 606 1999 690 2050; x_wconf 87' lang='lat' dir='ltr'><strong>ait</strong></span> <span class='ocrx_word' id='word_1_192' title='bbox 721 1999 1055 2053; x_wconf 66' lang='lat' dir='ltr'><strong>«ieronimus</strong></span> <span class='ocrx_word' id='word_1_193' title='bbox 1088 2001 1149 2052; x_wconf 83' lang='lat' dir='ltr'><strong>in</strong></span> <span class='ocrx_word' id='word_1_194' title='bbox 1182 2000 1439 2069; x_wconf 62' lang='lat' dir='ltr'><strong>Epistola</strong></span> <span class='ocrx_word' id='word_1_195' title='bbox 1470 2000 1551 2053; x_wconf 82' lang='lat' dir='ltr'><strong>ad</strong></span> <span class='ocrx_word' id='word_1_196' title='bbox 1582 1999 1804 2054; x_wconf 70' lang='lat' dir='ltr'><strong>Aletum</strong></span> <span class='ocrx_word' id='word_1_197' title='bbox 1847 2000 1917 2052; x_wconf 76' lang='lat' dir='ltr'><strong>ds</strong></span> <span class='ocrx_word' id='word_1_198' title='bbox 1960 2002 2311 2052; x_wconf 74' lang='lat' dir='ltr'><strong>institutione</strong></span> <span class='ocrx_word' id='word_1_199' title='bbox 2349 1998 2495 2065; x_wconf 78' lang='lat' dir='ltr'><strong>filie,</strong></span> <span class='ocrx_word' id='word_1_200' title='bbox 2532 1999 2614 2049; x_wconf 91' lang='lat' dir='ltr'><strong>ita</strong></span> <span class='ocrx_word' id='word_1_201' title='bbox 2653 1999 2890 2051; x_wconf 86' lang='lat' dir='ltr'><strong>dicens:</strong></span> 
     </span>
     <span class='ocr_line' id='line_1_19' title="bbox 414 2078 2889 2147; baseline -0 -16"><span class='ocrx_word' id='word_1_202' title='bbox 414 2100 441 2123; x_wconf 71' lang='grc' dir='ltr'><strong><em>κ</em></strong></span> <span class='ocrx_word' id='word_1_203' title='bbox 467 2079 708 2132; x_wconf 83' lang='lat' dir='ltr'><strong>Venena</strong></span> <span class='ocrx_word' id='word_1_204' title='bbox 741 2095 855 2133; x_wconf 90' lang='lat' dir='ltr'><strong>non</strong></span> <span class='ocrx_word' id='word_1_205' title='bbox 892 2082 1120 2147; x_wconf 88' lang='lat' dir='ltr'><strong>dantur,</strong></span> <span class='ocrx_word' id='word_1_206' title='bbox 1146 2083 1258 2134; x_wconf 85' lang='lat' dir='ltr'><strong>nisi</strong></span> <span class='ocrx_word' id='word_1_207' title='bbox 1291 2082 1465 2135; x_wconf 88' lang='lat' dir='ltr'><strong>melle</strong></span> <span class='ocrx_word' id='word_1_208' title='bbox 1497 2080 1840 2145; x_wconf 88' lang='lat' dir='ltr'><strong>circumlita,</strong></span> <span class='ocrx_word' id='word_1_209' title='bbox 1866 2083 1926 2133; x_wconf 91' lang='lat' dir='ltr'><strong>et</strong></span> <span class='ocrx_word' id='word_1_210' title='bbox 1956 2081 2105 2133; x_wconf 85' lang='lat' dir='ltr'><strong>vicia</strong></span> <span class='ocrx_word' id='word_1_211' title='bbox 2139 2095 2254 2132; x_wconf 89' lang='lat' dir='ltr'><strong>non</strong></span> <span class='ocrx_word' id='word_1_212' title='bbox 2290 2081 2603 2145; x_wconf 89' lang='lat' dir='ltr'><strong>decipiunt,</strong></span> <span class='ocrx_word' id='word_1_213' title='bbox 2638 2079 2749 2131; x_wconf 87' lang='lat' dir='ltr'><strong>nisi</strong></span> <span class='ocrx_word' id='word_1_214' title='bbox 2784 2078 2889 2131; x_wconf 90' lang='lat' dir='ltr'><strong>sub</strong></span> 
     </span>
     <span class='ocr_line' id='line_1_20' title="bbox 410 2161 2893 2228; baseline -0.001 -15"><span class='ocrx_word' id='word_1_215' title='bbox 410 2162 609 2226; x_wconf 87' lang='lat' dir='ltr'><strong>specie</strong></span> <span class='ocrx_word' id='word_1_216' title='bbox 635 2163 947 2228; x_wconf 79' lang='lat' dir='ltr'><strong>vmbraque</strong></span> <span class='ocrx_word' id='word_1_217' title='bbox 969 2164 1263 2216; x_wconf 84' lang='lat' dir='ltr'><strong>virtutum.</strong></span> <span class='ocrx_word' id='word_1_218' title='bbox 1293 2187 1320 2209; x_wconf 73' lang='grc' dir='ltr'>ι·</span> <span class='ocrx_word' id='word_1_219' title='bbox 1347 2166 1463 2216; x_wconf 91' lang='lat' dir='ltr'><strong>Per</strong></span> <span class='ocrx_word' id='word_1_220' title='bbox 1486 2165 1659 2215; x_wconf 90' lang='lat' dir='ltr'><strong>istum</strong></span> <span class='ocrx_word' id='word_1_221' title='bbox 1691 2164 1943 2223; x_wconf 89' lang='lat' dir='ltr'><strong>modum,</strong></span> <span class='ocrx_word' id='word_1_222' title='bbox 1970 2164 2133 2227; x_wconf 86' lang='lat' dir='ltr'><strong>quasi</strong></span> <span class='ocrx_word' id='word_1_223' title='bbox 2154 2176 2261 2227; x_wconf 88' lang='lat' dir='ltr'><strong>per</strong></span> <span class='ocrx_word' id='word_1_224' title='bbox 2286 2161 2575 2228; x_wconf 87' lang='lat' dir='ltr'><strong>decipulas</strong></span> <span class='ocrx_word' id='word_1_225' title='bbox 2600 2162 2893 2225; x_wconf 84' lang='lat' dir='ltr'><strong>quasdam,</strong></span> 
     </span>
     <span class='ocr_line' id='line_1_21' title="bbox 413 2241 2893 2312; baseline 0 -18"><span class='ocrx_word' id='word_1_226' title='bbox 413 2244 513 2307; x_wconf 86' lang='lat' dir='ltr'><strong>istj</strong></span> <span class='ocrx_word' id='word_1_227' title='bbox 542 2244 836 2309; x_wconf 84' lang='lat' dir='ltr'><strong>simplices</strong></span> <span class='ocrx_word' id='word_1_228' title='bbox 860 2248 920 2298; x_wconf 89' lang='lat' dir='ltr'><strong>et</strong></span> <span class='ocrx_word' id='word_1_229' title='bbox 940 2247 1129 2312; x_wconf 77' lang='lat' dir='ltr'><strong>ignari</strong></span> <span class='ocrx_word' id='word_1_230' title='bbox 1158 2247 1380 2312; x_wconf 85' lang='lat' dir='ltr'><strong>deceptj</strong></span> <span class='ocrx_word' id='word_1_231' title='bbox 1420 2246 1664 2299; x_wconf 85' lang='lat' dir='ltr'><strong>credunt</strong></span> <span class='ocrx_word' id='word_1_232' title='bbox 1696 2245 1846 2297; x_wconf 87' lang='lat' dir='ltr'><strong>hanc</strong></span> <span class='ocrx_word' id='word_1_233' title='bbox 1880 2247 2096 2297; x_wconf 89' lang='lat' dir='ltr'><strong>sectam</strong></span> <span class='ocrx_word' id='word_1_234' title='bbox 2131 2258 2259 2297; x_wconf 90' lang='lat' dir='ltr'><strong>esse</strong></span> <span class='ocrx_word' id='word_1_235' title='bbox 2294 2246 2550 2295; x_wconf 87' lang='lat' dir='ltr'><strong>sanctam</strong></span> <span class='ocrx_word' id='word_1_236' title='bbox 2574 2245 2634 2295; x_wconf 89' lang='lat' dir='ltr'><strong>et</strong></span> <span class='ocrx_word' id='word_1_237' title='bbox 2655 2241 2893 2307; x_wconf 83' lang='lat' dir='ltr'><strong>licitam,</strong></span> 
     </span>
     <span class='ocr_line' id='line_1_22' title="bbox 413 2326 2892 2393; baseline 0 -17"><span class='ocrx_word' id='word_1_238' title='bbox 413 2326 535 2376; x_wconf 92' lang='lat' dir='ltr'><strong>imo</strong></span> <span class='ocrx_word' id='word_1_239' title='bbox 567 2327 629 2377; x_wconf 89' lang='lat' dir='ltr'><strong>in</strong></span> <span class='ocrx_word' id='word_1_240' title='bbox 659 2330 902 2393; x_wconf 89' lang='lat' dir='ltr'><strong>tantum,</strong></span> <span class='ocrx_word' id='word_1_241' title='bbox 938 2328 1091 2392; x_wconf 91' lang='lat' dir='ltr'><strong>quod</strong></span> <span class='ocrx_word' id='word_1_242' title='bbox 1124 2329 1368 2380; x_wconf 90' lang='lat' dir='ltr'><strong>credunt</strong></span> <span class='ocrx_word' id='word_1_243' title='bbox 1400 2329 1585 2380; x_wconf 85' lang='lat' dir='ltr'><strong>eciam</strong></span> <span class='ocrx_word' id='word_1_244' title='bbox 1618 2341 1725 2393; x_wconf 87' lang='lat' dir='ltr'><strong>per</strong></span> <span class='ocrx_word' id='word_1_245' title='bbox 1758 2327 2084 2392; x_wconf 87' lang='lat' dir='ltr'><strong>huiusmodj</strong></span> <span class='ocrx_word' id='word_1_246' title='bbox 2111 2327 2488 2391; x_wconf 87' lang='lat' dir='ltr'><strong>penitentiam</strong></span> <span class='ocrx_word' id='word_1_247' title='bbox 2526 2326 2892 2389; x_wconf 90' lang='lat' dir='ltr'><strong>peccatorum</strong></span> 
     </span>
     <span class='ocr_line' id='line_1_23' title="bbox 413 2406 2889 2476; baseline -0.001 -16"><span class='ocrx_word' id='word_1_248' title='bbox 413 2409 819 2461; x_wconf 85' lang='lat' dir='ltr'><strong>remissionem</strong></span> <span class='ocrx_word' id='word_1_249' title='bbox 859 2410 1178 2475; x_wconf 86' lang='lat' dir='ltr'><strong>plenariam</strong></span> <span class='ocrx_word' id='word_1_250' title='bbox 1219 2410 1542 2476; x_wconf 78' lang='lat' dir='ltr'><strong>impetrari,</strong></span> <span class='ocrx_word' id='word_1_251' title='bbox 1578 2423 1705 2462; x_wconf 90' lang='lat' dir='ltr'><strong>eam</strong></span> <span class='ocrx_word' id='word_1_252' title='bbox 1738 2409 2193 2475; x_wconf 71' lang='lat' dir='ltr'><strong>peregrinationi</strong></span> <span class='ocrx_word' id='word_1_253' title='bbox 2231 2408 2486 2459; x_wconf 86' lang='lat' dir='ltr'><strong>Romane</strong></span> <span class='ocrx_word' id='word_1_254' title='bbox 2520 2408 2652 2472; x_wconf 79' lang='lat' dir='ltr'><strong>annj</strong></span> <span class='ocrx_word' id='word_1_255' title='bbox 2691 2406 2889 2470; x_wconf 80' lang='lat' dir='ltr'><strong>iubilej</strong></span> 
     </span>
     <span class='ocr_line' id='line_1_24' title="bbox 415 2489 2895 2557; baseline -0.001 -16"><span class='ocrx_word' id='word_1_256' title='bbox 415 2490 527 2556; x_wconf 85' lang='lat' dir='ltr'><strong>sibj</strong></span> <span class='ocrx_word' id='word_1_257' title='bbox 553 2491 891 2555; x_wconf 85' lang='lat' dir='ltr'><strong>equiualere</strong></span> <span class='ocrx_word' id='word_1_258' title='bbox 912 2493 1198 2557; x_wconf 87' lang='lat' dir='ltr'><strong>putantes.</strong></span> <span class='ocrx_word' id='word_1_259' title='bbox 1227 2492 1482 2544; x_wconf 88' lang='lat' dir='ltr'><strong>Credunt</strong></span> <span class='ocrx_word' id='word_1_260' title='bbox 1515 2492 1691 2545; x_wconf 86' lang='lat' dir='ltr'><strong>etiam</strong></span> <span class='ocrx_word' id='word_1_261' title='bbox 1723 2492 2051 2555; x_wconf 60' lang='lat' dir='ltr'><strong>huiusmodi</strong></span> <span class='ocrx_word' id='word_1_262' title='bbox 2080 2489 2498 2557; x_wconf 87' lang='lat' dir='ltr'><strong>Flagellatores</strong></span> <span class='ocrx_word' id='word_1_263' title='bbox 2532 2489 2895 2540; x_wconf 85' lang='lat' dir='ltr'><strong>sanctitatem</strong></span> 
     </span>
     <span class='ocr_line' id='line_1_25' title="bbox 414 2569 2891 2639; baseline -0.002 -16"><span class='ocrx_word' id='word_1_264' title='bbox 414 2572 744 2639; x_wconf 74' lang='lat' dir='ltr'><strong>huiusmodi</strong></span> <span class='ocrx_word' id='word_1_265' title='bbox 806 2574 1126 2638; x_wconf 89' lang='lat' dir='ltr'><strong>penitentie</strong></span> <span class='ocrx_word' id='word_1_266' title='bbox 1176 2573 1457 2626; x_wconf 88' lang='lat' dir='ltr'><strong>miracula</strong></span> <span class='ocrx_word' id='word_1_267' title='bbox 1511 2574 1762 2639; x_wconf 75' lang='lat' dir='ltr'><strong>operari.</strong></span> <span class='ocrx_word' id='word_1_268' title='bbox 1809 2573 1939 2637; x_wconf 85' lang='lat' dir='ltr'><strong>vidj</strong></span> <span class='ocrx_word' id='word_1_269' title='bbox 1988 2572 2202 2636; x_wconf 82' lang='lat' dir='ltr'><strong>vtique,</strong></span> <span class='ocrx_word' id='word_1_270' title='bbox 2250 2572 2403 2636; x_wconf 92' lang='lat' dir='ltr'><strong>quod</strong></span> <span class='ocrx_word' id='word_1_271' title='bbox 2448 2572 2519 2623; x_wconf 89' lang='lat' dir='ltr'><strong>ad</strong></span> <span class='ocrx_word' id='word_1_272' title='bbox 2564 2569 2891 2634; x_wconf 76' lang='lat' dir='ltr'><strong>huiusmodi</strong></span> 
     </span>
     <span class='ocr_line' id='line_1_26' title="bbox 402 2652 2893 2720; baseline -0.002 -15"><span class='ocrx_word' id='word_1_273' title='bbox 402 2653 844 2720; x_wconf 85' lang='lat' dir='ltr'><strong>·Flagellatores</strong></span> <span class='ocrx_word' id='word_1_274' title='bbox 883 2656 1315 2708; x_wconf 84' lang='lat' dir='ltr'><strong>adducebantur</strong></span> <span class='ocrx_word' id='word_1_275' title='bbox 1351 2656 1588 2719; x_wconf 73' lang='lat' dir='ltr'><strong>infirmi,</strong></span> <span class='ocrx_word' id='word_1_276' title='bbox 1632 2657 1695 2707; x_wconf 91' lang='lat' dir='ltr'><strong>ut</strong></span> <span class='ocrx_word' id='word_1_277' title='bbox 1735 2656 2040 2706; x_wconf 83' lang='lat' dir='ltr'><strong>sanitatem</strong></span> <span class='ocrx_word' id='word_1_278' title='bbox 2081 2654 2378 2714; x_wconf 86' lang='lat' dir='ltr'><strong>haberent,</strong></span> <span class='ocrx_word' id='word_1_279' title='bbox 2421 2654 2481 2704; x_wconf 89' lang='lat' dir='ltr'><strong>et</strong></span> <span class='ocrx_word' id='word_1_280' title='bbox 2524 2664 2699 2716; x_wconf 88' lang='lat' dir='ltr'><strong>super</strong></span> <span class='ocrx_word' id='word_1_281' title='bbox 2736 2652 2893 2716; x_wconf 90' lang='lat' dir='ltr'><strong>ipsos</strong></span> 
     </span>
     <span class='ocr_line' id='line_1_27' title="bbox 416 2733 2894 2804; baseline -0.002 -15"><span class='ocrx_word' id='word_1_282' title='bbox 416 2737 681 2790; x_wconf 80' lang='lat' dir='ltr'><strong>infirmos</strong></span> <span class='ocrx_word' id='word_1_283' title='bbox 720 2739 831 2803; x_wconf 81' lang='lat' dir='ltr'><strong>ipsi</strong></span> <span class='ocrx_word' id='word_1_284' title='bbox 870 2738 1054 2804; x_wconf 86' lang='lat' dir='ltr'><strong>pileos</strong></span> <span class='ocrx_word' id='word_1_285' title='bbox 1095 2751 1230 2791; x_wconf 89' lang='lat' dir='ltr'><strong>suos</strong></span> <span class='ocrx_word' id='word_1_286' title='bbox 1270 2740 1329 2791; x_wconf 89' lang='lat' dir='ltr'><strong>et</strong></span> <span class='ocrx_word' id='word_1_287' title='bbox 1372 2738 1606 2790; x_wconf 85' lang='lat' dir='ltr'><strong>baculos</strong></span> <span class='ocrx_word' id='word_1_288' title='bbox 1663 2737 2055 2802; x_wconf 85' lang='lat' dir='ltr'><strong>imponebant,</strong></span> <span class='ocrx_word' id='word_1_289' title='bbox 2102 2739 2167 2789; x_wconf 92' lang='lat' dir='ltr'><strong>ut</strong></span> <span class='ocrx_word' id='word_1_290' title='bbox 2213 2737 2357 2788; x_wconf 90' lang='lat' dir='ltr'><strong>bene</strong></span> <span class='ocrx_word' id='word_1_291' title='bbox 2405 2733 2711 2797; x_wconf 79' lang='lat' dir='ltr'><strong>haberent3</strong></span> <span class='ocrx_word' id='word_1_292' title='bbox 2761 2747 2894 2798; x_wconf 79' lang='lat' dir='ltr'><strong>ymo</strong></span> 
     </span>
     <span class='ocr_line' id='line_1_28' title="bbox 418 2815 2895 2885; baseline -0.002 -14"><span class='ocrx_word' id='word_1_293' title='bbox 418 2820 654 2883; x_wconf 90' lang='lat' dir='ltr'><strong>quidam</strong></span> <span class='ocrx_word' id='word_1_294' title='bbox 694 2820 985 2885; x_wconf 83' lang='lat' dir='ltr'><strong>simplices</strong></span> <span class='ocrx_word' id='word_1_295' title='bbox 1024 2821 1096 2872; x_wconf 91' lang='lat' dir='ltr'><strong>ad</strong></span> <span class='ocrx_word' id='word_1_296' title='bbox 1132 2822 1349 2873; x_wconf 86' lang='lat' dir='ltr'><strong>tantam</strong></span> <span class='ocrx_word' id='word_1_297' title='bbox 1396 2821 1743 2873; x_wconf 90' lang='lat' dir='ltr'><strong>dementiam</strong></span> <span class='ocrx_word' id='word_1_298' title='bbox 1791 2821 2168 2879; x_wconf 88' lang='lat' dir='ltr'><strong>deuenerunt,</strong></span> <span class='ocrx_word' id='word_1_299' title='bbox 2211 2818 2361 2881; x_wconf 90' lang='lat' dir='ltr'><strong>quod</strong></span> <span class='ocrx_word' id='word_1_300' title='bbox 2410 2816 2749 2881; x_wconf 87' lang='lat' dir='ltr'><strong>sanguinem</strong></span> <span class='ocrx_word' id='word_1_301' title='bbox 2782 2815 2895 2880; x_wconf 72' lang='lat' dir='ltr'><strong>&#39;per</strong></span> 
     </span>
     <span class='ocr_line' id='line_1_29' title="bbox 419 2898 2894 2969; baseline -0.002 -16"><span class='ocrx_word' id='word_1_302' title='bbox 419 2902 750 2967; x_wconf 88' lang='lat' dir='ltr'><strong>huiusmodj</strong></span> <span class='ocrx_word' id='word_1_303' title='bbox 788 2902 1240 2969; x_wconf 85' lang='lat' dir='ltr'><strong>flagellationem</strong></span> <span class='ocrx_word' id='word_1_304' title='bbox 1275 2903 1520 2955; x_wconf 82' lang='lat' dir='ltr'><strong>effusum</strong></span> <span class='ocrx_word' id='word_1_305' title='bbox 1552 2915 1658 2967; x_wconf 91' lang='lat' dir='ltr'><strong>pro</strong></span> <span class='ocrx_word' id='word_1_306' title='bbox 1694 2901 1955 2965; x_wconf 77' lang='lat' dir='ltr'><strong>reliquijs</strong></span> <span class='ocrx_word' id='word_1_307' title='bbox 1987 2901 2350 2952; x_wconf 85' lang='lat' dir='ltr'><strong>venerantur.</strong></span> <span class='ocrx_word' id='word_1_308' title='bbox 2379 2899 2471 2951; x_wconf 86' lang='lat' dir='ltr'><strong>Ita</strong></span> <span class='ocrx_word' id='word_1_309' title='bbox 2492 2898 2631 2962; x_wconf 86' lang='lat' dir='ltr'><strong>vidj,</strong></span> <span class='ocrx_word' id='word_1_310' title='bbox 2655 2898 2715 2948; x_wconf 89' lang='lat' dir='ltr'><strong>in</strong></span> <span class='ocrx_word' id='word_1_311' title='bbox 2751 2910 2894 2960; x_wconf 87' lang='lat' dir='ltr'><strong>qua-</strong></span> 
     </span>
     <span class='ocr_line' id='line_1_30' title="bbox 420 2979 2894 3049; baseline -0.003 -14"><span class='ocrx_word' id='word_1_312' title='bbox 420 2984 551 3035; x_wconf 84' lang='lat' dir='ltr'><strong>dam</strong></span> <span class='ocrx_word' id='word_1_313' title='bbox 583 2984 743 3045; x_wconf 80' lang='lat' dir='ltr'><strong>villa,</strong></span> <span class='ocrx_word' id='word_1_314' title='bbox 770 2986 944 3049; x_wconf 90' lang='lat' dir='ltr'><strong>quod,</strong></span> <span class='ocrx_word' id='word_1_315' title='bbox 981 2986 1114 3035; x_wconf 91' lang='lat' dir='ltr'><strong>dum</strong></span> <span class='ocrx_word' id='word_1_316' title='bbox 1137 2998 1200 3036; x_wconf 91' lang='lat' dir='ltr'><strong>se</strong></span> <span class='ocrx_word' id='word_1_317' title='bbox 1226 2984 1591 3049; x_wconf 83' lang='lat' dir='ltr'><strong>flagellarent</strong></span> <span class='ocrx_word' id='word_1_318' title='bbox 1612 2987 1672 3035; x_wconf 89' lang='lat' dir='ltr'><strong>et</strong></span> <span class='ocrx_word' id='word_1_319' title='bbox 1691 2997 1726 3035; x_wconf 98' lang='lat' dir='ltr'><strong>a</strong></span> <span class='ocrx_word' id='word_1_320' title='bbox 1750 2984 1938 3034; x_wconf 88' lang='lat' dir='ltr'><strong>dorsis</strong></span> <span class='ocrx_word' id='word_1_321' title='bbox 1972 2983 2090 3033; x_wconf 88' lang='lat' dir='ltr'><strong>suis</strong></span> <span class='ocrx_word' id='word_1_322' title='bbox 2125 2982 2381 3032; x_wconf 89' lang='lat' dir='ltr'><strong>modicus</strong></span> <span class='ocrx_word' id='word_1_323' title='bbox 2416 2980 2652 3046; x_wconf 88' lang='lat' dir='ltr'><strong>sanguis</strong></span> <span class='ocrx_word' id='word_1_324' title='bbox 2686 2979 2894 3042; x_wconf 86' lang='lat' dir='ltr'><strong>exiret,</strong></span> 
     </span>
     <span class='ocr_line' id='line_1_31' title="bbox 419 3061 2893 3132; baseline -0.003 -14"><span class='ocrx_word' id='word_1_325' title='bbox 419 3068 668 3130; x_wconf 85' lang='lat' dir='ltr'><strong>quedam</strong></span> <span class='ocrx_word' id='word_1_326' title='bbox 714 3066 905 3119; x_wconf 84' lang='lat' dir='ltr'><strong>vetule</strong></span> <span class='ocrx_word' id='word_1_327' title='bbox 945 3068 1007 3119; x_wconf 89' lang='lat' dir='ltr'><strong>et</strong></span> <span class='ocrx_word' id='word_1_328' title='bbox 1049 3067 1143 3132; x_wconf 72' lang='lat' dir='ltr'><strong>alii</strong></span> <span class='ocrx_word' id='word_1_329' title='bbox 1192 3065 1483 3131; x_wconf 87' lang='lat' dir='ltr'><strong>simplices</strong></span> <span class='ocrx_word' id='word_1_330' title='bbox 1521 3067 1701 3130; x_wconf 90' lang='lat' dir='ltr'><strong>peciis</strong></span> <span class='ocrx_word' id='word_1_331' title='bbox 1745 3065 1919 3130; x_wconf 88' lang='lat' dir='ltr'><strong>pannj</strong></span> <span class='ocrx_word' id='word_1_332' title='bbox 1963 3064 2099 3127; x_wconf 87' lang='lat' dir='ltr'><strong>linej</strong></span> <span class='ocrx_word' id='word_1_333' title='bbox 2152 3063 2529 3129; x_wconf 89' lang='lat' dir='ltr'><strong>detergebant</strong></span> <span class='ocrx_word' id='word_1_334' title='bbox 2568 3061 2893 3124; x_wconf 70' lang='lat' dir='ltr'><strong>huiusmodi</strong></span> 
     </span>
     <span class='ocr_line' id='line_1_32' title="bbox 419 3142 2898 3214; baseline -0.003 -14"><span class='ocrx_word' id='word_1_335' title='bbox 419 3149 763 3214; x_wconf 83' lang='lat' dir='ltr'><strong>sanguinem</strong></span> <span class='ocrx_word' id='word_1_336' title='bbox 796 3150 857 3200; x_wconf 89' lang='lat' dir='ltr'><strong>et</strong></span> <span class='ocrx_word' id='word_1_337' title='bbox 878 3149 1066 3212; x_wconf 88' lang='lat' dir='ltr'><strong>ipsum</strong></span> <span class='ocrx_word' id='word_1_338' title='bbox 1101 3148 1220 3199; x_wconf 89' lang='lat' dir='ltr'><strong>suis</strong></span> <span class='ocrx_word' id='word_1_339' title='bbox 1244 3150 1305 3200; x_wconf 91' lang='lat' dir='ltr'><strong>et</strong></span> <span class='ocrx_word' id='word_1_340' title='bbox 1326 3147 1572 3199; x_wconf 91' lang='lat' dir='ltr'><strong>aliorum</strong></span> <span class='ocrx_word' id='word_1_341' title='bbox 1597 3146 1780 3199; x_wconf 91' lang='lat' dir='ltr'><strong>oculis</strong></span> <span class='ocrx_word' id='word_1_342' title='bbox 1804 3146 1962 3209; x_wconf 84' lang='lat' dir='ltr'><strong>quasi</strong></span> <span class='ocrx_word' id='word_1_343' title='bbox 1991 3144 2267 3209; x_wconf 85' lang='lat' dir='ltr'><strong>reliquias</strong></span> <span class='ocrx_word' id='word_1_344' title='bbox 2290 3144 2677 3209; x_wconf 85' lang='lat' dir='ltr'><strong>apponebant;</strong></span> <span class='ocrx_word' id='word_1_345' title='bbox 2706 3144 2764 3193; x_wconf 91' lang='lat' dir='ltr'><strong>et</strong></span> <span class='ocrx_word' id='word_1_346' title='bbox 2788 3142 2898 3192; x_wconf 89' lang='lat' dir='ltr'><strong>hoc</strong></span> 
     </span>
     <span class='ocr_line' id='line_1_33' title="bbox 419 3225 2897 3296; baseline -0.002 -15"><span class='ocrx_word' id='word_1_347' title='bbox 419 3229 749 3295; x_wconf 74' lang='lat' dir='ltr'><strong>huiusmodi</strong></span> <span class='ocrx_word' id='word_1_348' title='bbox 777 3230 972 3295; x_wconf 76' lang='lat' dir='ltr'><strong>miseri</strong></span> <span class='ocrx_word' id='word_1_349' title='bbox 997 3229 1413 3296; x_wconf 84' lang='lat' dir='ltr'><strong>Flagellatores</strong></span> <span class='ocrx_word' id='word_1_350' title='bbox 1437 3231 1510 3281; x_wconf 92' lang='lat' dir='ltr'><strong>ad</strong></span> <span class='ocrx_word' id='word_1_351' title='bbox 1544 3242 1812 3294; x_wconf 88' lang='lat' dir='ltr'><strong>magnam</strong></span> <span class='ocrx_word' id='word_1_352' title='bbox 1848 3228 2287 3279; x_wconf 86' lang='lat' dir='ltr'><strong>ostentationem</strong></span> <span class='ocrx_word' id='word_1_353' title='bbox 2312 3227 2421 3290; x_wconf 81' lang='lat' dir='ltr'><strong>sibj</strong></span> <span class='ocrx_word' id='word_1_354' title='bbox 2449 3225 2574 3290; x_wconf 80' lang='lat' dir='ltr'><strong>flerj</strong></span> <span class='ocrx_word' id='word_1_355' title='bbox 2601 3225 2897 3289; x_wconf 84' lang='lat' dir='ltr'><strong>permitte-</strong></span> 
     </span>
     <span class='ocr_line' id='line_1_34' title="bbox 418 3307 2901 3377; baseline -0.003 -13"><span class='ocrx_word' id='word_1_356' title='bbox 418 3312 588 3376; x_wconf 80' lang='lat' dir='ltr'><strong>bant3</strong></span> <span class='ocrx_word' id='word_1_357' title='bbox 631 3313 783 3364; x_wconf 85' lang='lat' dir='ltr'><strong>sicut</strong></span> <span class='ocrx_word' id='word_1_358' title='bbox 816 3314 1011 3364; x_wconf 88' lang='lat' dir='ltr'><strong>autem</strong></span> <span class='ocrx_word' id='word_1_359' title='bbox 1051 3313 1196 3377; x_wconf 78' lang='lat' dir='ltr'><strong>dixj,</strong></span> <span class='ocrx_word' id='word_1_360' title='bbox 1236 3312 1565 3364; x_wconf 89' lang='lat' dir='ltr'><strong>huiusmodi</strong></span> <span class='ocrx_word' id='word_1_361' title='bbox 1609 3311 1913 3362; x_wconf 86' lang='lat' dir='ltr'><strong>abusiuum</strong></span> <span class='ocrx_word' id='word_1_362' title='bbox 1956 3322 2063 3374; x_wconf 86' lang='lat' dir='ltr'><strong>pro</strong></span> <span class='ocrx_word' id='word_1_363' title='bbox 2103 3309 2307 3373; x_wconf 88' lang='lat' dir='ltr'><strong>maiorj</strong></span> <span class='ocrx_word' id='word_1_364' title='bbox 2350 3310 2515 3372; x_wconf 91' lang='lat' dir='ltr'><strong>parte</strong></span> <span class='ocrx_word' id='word_1_365' title='bbox 2560 3319 2734 3358; x_wconf 90' lang='lat' dir='ltr'><strong>causa</strong></span> <span class='ocrx_word' id='word_1_366' title='bbox 2773 3307 2901 3358; x_wconf 88' lang='lat' dir='ltr'><strong>erat</strong></span> 
     </span>
     <span class='ocr_line' id='line_1_35' title="bbox 421 3385 2896 3460; baseline -0.002 -15"><span class='ocrx_word' id='word_1_367' title='bbox 421 3394 648 3446; x_wconf 85' lang='lat' dir='ltr'><strong>ruditas</strong></span> <span class='ocrx_word' id='word_1_368' title='bbox 700 3394 981 3452; x_wconf 90' lang='lat' dir='ltr'><strong>nubilosa,</strong></span> <span class='ocrx_word' id='word_1_369' title='bbox 1031 3407 1144 3458; x_wconf 88' lang='lat' dir='ltr'><strong>que</strong></span> <span class='ocrx_word' id='word_1_370' title='bbox 1191 3393 1536 3460; x_wconf 85' lang='lat' dir='ltr'><strong>tangebatur</strong></span> <span class='ocrx_word' id='word_1_371' title='bbox 1586 3393 1649 3444; x_wconf 90' lang='lat' dir='ltr'><strong>in</strong></span> <span class='ocrx_word' id='word_1_372' title='bbox 1694 3392 1968 3453; x_wconf 85' lang='lat' dir='ltr'><strong>themate,</strong></span> <span class='ocrx_word' id='word_1_373' title='bbox 2013 3404 2144 3442; x_wconf 91' lang='lat' dir='ltr'><strong>cum</strong></span> <span class='ocrx_word' id='word_1_374' title='bbox 2185 3390 2540 3455; x_wconf 87' lang='lat' dir='ltr'><strong>premittitur</strong></span> <span class='ocrx_word' id='word_1_375' title='bbox 2577 3402 2591 3441; x_wconf 73' lang='grc' dir='ltr'><strong>ε</strong></span> <span class='ocrx_word' id='word_1_376' title='bbox 2635 3385 2896 3457; x_wconf 73' lang='lat' dir='ltr'><strong>populus.</strong></span> 
     </span>
     <span class='ocr_line' id='line_1_36' title="bbox 438 3474 1731 3544; baseline -0.007 -15"><span class='ocrx_word' id='word_1_377' title='bbox 438 3474 625 3544; x_wconf 76' lang='lat' dir='ltr'><strong>Ysaye</strong></span> <span class='ocrx_word' id='word_1_378' title='bbox 657 3476 723 3528; x_wconf 80' lang='lat'><strong>27</strong></span> <span class='ocrx_word' id='word_1_379' title='bbox 748 3492 773 3528; x_wconf 72' lang='lat' dir='ltr'><strong>e·</strong></span> <span class='ocrx_word' id='word_1_380' title='bbox 803 3496 829 3520; x_wconf 71' lang='grc' dir='ltr'><strong><em>κ</em></strong></span> <span class='ocrx_word' id='word_1_381' title='bbox 856 3477 987 3529; x_wconf 85' lang='grc' dir='ltr'>Νοιι</span> <span class='ocrx_word' id='word_1_382' title='bbox 1021 3477 1111 3528; x_wconf 90' lang='lat' dir='ltr'><strong>est</strong></span> <span class='ocrx_word' id='word_1_383' title='bbox 1143 3475 1390 3542; x_wconf 90' lang='lat' dir='ltr'><strong>populus</strong></span> <span class='ocrx_word' id='word_1_384' title='bbox 1425 3476 1676 3540; x_wconf 88' lang='lat' dir='ltr'><strong>sapiens.</strong></span> <span class='ocrx_word' id='word_1_385' title='bbox 1704 3496 1731 3520; x_wconf 63' lang='lat' dir='ltr'>n</span> 
     </span>
    </p>

    <p class='ocr_par' dir='ltr' id='par_1_3' title="bbox 422 3551 2905 4275">
     <span class='ocr_line' id='line_1_37' title="bbox 488 3551 2892 3623; baseline -0.003 -12"><span class='ocrx_word' id='word_1_386' title='bbox 488 3558 769 3611; x_wconf 84' lang='lat' dir='ltr'><strong>Dicebam</strong></span> <span class='ocrx_word' id='word_1_387' title='bbox 810 3559 890 3618; x_wconf 77' lang='lat'><strong>2⁰,</strong></span> <span class='ocrx_word' id='word_1_388' title='bbox 938 3559 1092 3623; x_wconf 90' lang='lat' dir='ltr'><strong>quod</strong></span> <span class='ocrx_word' id='word_1_389' title='bbox 1145 3558 1206 3610; x_wconf 90' lang='lat' dir='ltr'><strong>in</strong></span> <span class='ocrx_word' id='word_1_390' title='bbox 1262 3559 1461 3609; x_wconf 89' lang='lat' dir='ltr'><strong>nostro</strong></span> <span class='ocrx_word' id='word_1_391' title='bbox 1508 3556 1763 3609; x_wconf 82' lang='lat' dir='ltr'><strong>themate</strong></span> <span class='ocrx_word' id='word_1_392' title='bbox 1809 3554 2068 3621; x_wconf 80' lang='lat' dir='ltr'><strong>tangitur</strong></span> <span class='ocrx_word' id='word_1_393' title='bbox 2125 3554 2371 3605; x_wconf 87' lang='lat' dir='ltr'><strong>istorum</strong></span> <span class='ocrx_word' id='word_1_394' title='bbox 2417 3551 2892 3619; x_wconf 86' lang='lat' dir='ltr'><strong>Flagellatorum,</strong></span> 
     </span>
     <span class='ocr_line' id='line_1_38' title="bbox 423 3634 2898 3707; baseline -0.004 -13"><span class='ocrx_word' id='word_1_395' title='bbox 423 3643 706 3707; x_wconf 86' lang='lat' dir='ltr'><strong>quantum</strong></span> <span class='ocrx_word' id='word_1_396' title='bbox 740 3643 813 3693; x_wconf 93' lang='lat' dir='ltr'><strong>ad</strong></span> <span class='ocrx_word' id='word_1_397' title='bbox 847 3653 1168 3699; x_wconf 89' lang='lat' dir='ltr'><strong>numerum,</strong></span> <span class='ocrx_word' id='word_1_398' title='bbox 1206 3640 1496 3703; x_wconf 87' lang='lat' dir='ltr'><strong>quantitas</strong></span> <span class='ocrx_word' id='word_1_399' title='bbox 1532 3639 1783 3704; x_wconf 89' lang='lat' dir='ltr'><strong>copiosa,</strong></span> <span class='ocrx_word' id='word_1_400' title='bbox 1825 3651 1955 3690; x_wconf 91' lang='lat' dir='ltr'><strong>cum</strong></span> <span class='ocrx_word' id='word_1_401' title='bbox 1996 3637 2207 3688; x_wconf 89' lang='lat' dir='ltr'><strong>dicitur</strong></span> <span class='ocrx_word' id='word_1_402' title='bbox 2243 3653 2256 3689; x_wconf 71' lang='grc' dir='ltr'>ι</span> <span class='ocrx_word' id='word_1_403' title='bbox 2290 3650 2394 3702; x_wconf 76' lang='lat' dir='ltr'><strong>per</strong></span> <span class='ocrx_word' id='word_1_404' title='bbox 2433 3649 2625 3688; x_wconf 77' lang='lat' dir='ltr'><strong>omnes</strong></span> <span class='ocrx_word' id='word_1_405' title='bbox 2659 3634 2898 3702; x_wconf 66' lang='lat' dir='ltr'><strong>prouin-</strong></span> 
     </span>
     <span class='ocr_line' id='line_1_39' title="bbox 422 3715 2896 3787; baseline -0.005 -10"><span class='ocrx_word' id='word_1_406' title='bbox 422 3728 566 3784; x_wconf 75' lang='lat' dir='ltr'><strong>cias,</strong></span> <span class='ocrx_word' id='word_1_407' title='bbox 614 3724 728 3776; x_wconf 86' lang='lat' dir='ltr'><strong>etc.</strong></span> <span class='ocrx_word' id='word_1_408' title='bbox 771 3723 863 3775; x_wconf 87' lang='lat' dir='ltr'><strong>Ad</strong></span> <span class='ocrx_word' id='word_1_409' title='bbox 908 3722 1185 3786; x_wconf 87' lang='lat' dir='ltr'><strong>litteram,</strong></span> <span class='ocrx_word' id='word_1_410' title='bbox 1236 3724 1403 3787; x_wconf 88' lang='lat' dir='ltr'><strong>pater</strong></span> <span class='ocrx_word' id='word_1_411' title='bbox 1449 3721 1828 3779; x_wconf 86' lang='lat' dir='ltr'><strong>sanctissime,</strong></span> <span class='ocrx_word' id='word_1_412' title='bbox 1878 3720 2040 3770; x_wconf 88' lang='lat' dir='ltr'><strong>tanta</strong></span> <span class='ocrx_word' id='word_1_413' title='bbox 2082 3720 2173 3770; x_wconf 87' lang='lat' dir='ltr'><strong>est</strong></span> <span class='ocrx_word' id='word_1_414' title='bbox 2213 3716 2539 3781; x_wconf 84' lang='lat' dir='ltr'><strong>huiusmodj</strong></span> <span class='ocrx_word' id='word_1_415' title='bbox 2596 3715 2896 3767; x_wconf 91' lang='lat' dir='ltr'><strong>hominum</strong></span> 
     </span>
     <span class='ocr_line' id='line_1_40' title="bbox 424 3797 2900 3869; baseline -0.004 -11"><span class='ocrx_word' id='word_1_416' title='bbox 424 3806 758 3869; x_wconf 87' lang='lat' dir='ltr'><strong>multitudo,</strong></span> <span class='ocrx_word' id='word_1_417' title='bbox 809 3805 964 3869; x_wconf 91' lang='lat' dir='ltr'><strong>quod</strong></span> <span class='ocrx_word' id='word_1_418' title='bbox 1006 3805 1104 3856; x_wconf 81' lang='lat' dir='ltr'><strong>vix</strong></span> <span class='ocrx_word' id='word_1_419' title='bbox 1151 3806 1240 3856; x_wconf 92' lang='lat' dir='ltr'><strong>est</strong></span> <span class='ocrx_word' id='word_1_420' title='bbox 1287 3802 1481 3867; x_wconf 81' lang='lat' dir='ltr'><strong>aliqua</strong></span> <span class='ocrx_word' id='word_1_421' title='bbox 1524 3801 1963 3854; x_wconf 87' lang='lat' dir='ltr'><strong>christianitatis</strong></span> <span class='ocrx_word' id='word_1_422' title='bbox 2004 3812 2215 3865; x_wconf 85' lang='lat' dir='ltr'><strong>magna</strong></span> <span class='ocrx_word' id='word_1_423' title='bbox 2253 3798 2572 3865; x_wconf 79' lang='lat' dir='ltr'><strong>prouincia,</strong></span> <span class='ocrx_word' id='word_1_424' title='bbox 2617 3797 2690 3848; x_wconf 88' lang='lat' dir='ltr'><strong>ad</strong></span> <span class='ocrx_word' id='word_1_425' title='bbox 2730 3809 2900 3860; x_wconf 87' lang='lat' dir='ltr'><strong>quam</strong></span> 
     </span>
     <span class='ocr_line' id='line_1_41' title="bbox 428 3877 2902 3946; baseline -0.005 -6"><span class='ocrx_word' id='word_1_426' title='bbox 428 3903 543 3940; x_wconf 89' lang='lat' dir='ltr'><strong>non</strong></span> <span class='ocrx_word' id='word_1_427' title='bbox 570 3887 877 3941; x_wconf 88' lang='lat' dir='ltr'><strong>deuenerit</strong></span> <span class='ocrx_word' id='word_1_428' title='bbox 908 3887 1022 3938; x_wconf 86' lang='lat' dir='ltr'><strong>ista</strong></span> <span class='ocrx_word' id='word_1_429' title='bbox 1054 3887 1230 3938; x_wconf 89' lang='lat' dir='ltr'><strong>secta.</strong></span> <span class='ocrx_word' id='word_1_430' title='bbox 1265 3886 1354 3937; x_wconf 89' lang='lat' dir='ltr'><strong>Ab</strong></span> <span class='ocrx_word' id='word_1_431' title='bbox 1388 3885 1694 3937; x_wconf 86' lang='lat' dir='ltr'><strong>Almannia</strong></span> <span class='ocrx_word' id='word_1_432' title='bbox 1725 3884 1901 3946; x_wconf 88' lang='lat' dir='ltr'><strong>enim,</strong></span> <span class='ocrx_word' id='word_1_433' title='bbox 1939 3882 2034 3946; x_wconf 83' lang='lat' dir='ltr'><strong>ubj</strong></span> <span class='ocrx_word' id='word_1_434' title='bbox 2074 3884 2264 3933; x_wconf 88' lang='lat' dir='ltr'><strong>ortum</strong></span> <span class='ocrx_word' id='word_1_435' title='bbox 2287 3894 2322 3932; x_wconf 98' lang='lat' dir='ltr'><strong>a</strong></span> <span class='ocrx_word' id='word_1_436' title='bbox 2345 3879 2589 3944; x_wconf 90' lang='lat' dir='ltr'><strong>quodam</strong></span> <span class='ocrx_word' id='word_1_437' title='bbox 2623 3877 2902 3944; x_wconf 88' lang='lat' dir='ltr'><strong>religioso</strong></span> 
     </span>
     <span class='ocr_line' id='line_1_42' title="bbox 429 3959 2901 4034; baseline -0.004 -13"><span class='ocrx_word' id='word_1_438' title='bbox 429 3971 644 4023; x_wconf 86' lang='lat' dir='ltr'><strong>dicitur</strong></span> <span class='ocrx_word' id='word_1_439' title='bbox 688 3968 981 4031; x_wconf 84' lang='lat' dir='ltr'><strong>habuisse,</strong></span> <span class='ocrx_word' id='word_1_440' title='bbox 1028 3970 1145 4034; x_wconf 79' lang='lat' dir='ltr'><strong>jam</strong></span> <span class='ocrx_word' id='word_1_441' title='bbox 1192 3968 1424 4019; x_wconf 87' lang='lat' dir='ltr'><strong>transiit</strong></span> <span class='ocrx_word' id='word_1_442' title='bbox 1471 3968 1531 4018; x_wconf 91' lang='lat' dir='ltr'><strong>in</strong></span> <span class='ocrx_word' id='word_1_443' title='bbox 1589 3968 1735 4019; x_wconf 87' lang='lat' dir='ltr'><strong>fines</strong></span> <span class='ocrx_word' id='word_1_444' title='bbox 1793 3964 2067 4031; x_wconf 85' lang='lat' dir='ltr'><strong>Vngarie,</strong></span> <span class='ocrx_word' id='word_1_445' title='bbox 2117 3963 2353 4015; x_wconf 89' lang='lat' dir='ltr'><strong>Boemie</strong></span> <span class='ocrx_word' id='word_1_446' title='bbox 2399 3963 2459 4013; x_wconf 88' lang='lat' dir='ltr'><strong>et</strong></span> <span class='ocrx_word' id='word_1_447' title='bbox 2501 3959 2712 4012; x_wconf 89' lang='lat' dir='ltr'><strong>multas</strong></span> <span class='ocrx_word' id='word_1_448' title='bbox 2757 3959 2901 4011; x_wconf 89' lang='lat' dir='ltr'><strong>alias</strong></span> 
     </span>
     <span class='ocr_line' id='line_1_43' title="bbox 434 4040 2902 4118; baseline -0.005 -15"><span class='ocrx_word' id='word_1_449' title='bbox 434 4052 762 4118; x_wconf 87' lang='lat' dir='ltr'><strong>prouincias</strong></span> <span class='ocrx_word' id='word_1_450' title='bbox 802 4050 1070 4115; x_wconf 79' lang='lat' dir='ltr'><strong>orientis3</strong></span> <span class='ocrx_word' id='word_1_451' title='bbox 1113 4050 1464 4102; x_wconf 89' lang='lat' dir='ltr'><strong>descendens</strong></span> <span class='ocrx_word' id='word_1_452' title='bbox 1506 4050 1679 4100; x_wconf 90' lang='lat' dir='ltr'><strong>etiam</strong></span> <span class='ocrx_word' id='word_1_453' title='bbox 1714 4061 1914 4099; x_wconf 85' lang='lat' dir='ltr'><strong>versus</strong></span> <span class='ocrx_word' id='word_1_454' title='bbox 1949 4045 2296 4109; x_wconf 88' lang='lat' dir='ltr'><strong>aquilonem,</strong></span> <span class='ocrx_word' id='word_1_455' title='bbox 2332 4044 2446 4095; x_wconf 88' lang='lat' dir='ltr'><strong>iam</strong></span> <span class='ocrx_word' id='word_1_456' title='bbox 2481 4044 2572 4095; x_wconf 90' lang='lat' dir='ltr'><strong>est</strong></span> <span class='ocrx_word' id='word_1_457' title='bbox 2603 4043 2663 4092; x_wconf 89' lang='lat' dir='ltr'><strong>in</strong></span> <span class='ocrx_word' id='word_1_458' title='bbox 2698 4040 2902 4098; x_wconf 81' lang='lat' dir='ltr'><strong>Frizia,</strong></span> 
     </span>
     <span class='ocr_line' id='line_1_44' title="bbox 438 4121 2904 4195; baseline -0.005 -10"><span class='ocrx_word' id='word_1_459' title='bbox 438 4133 768 4193; x_wconf 89' lang='lat' dir='ltr'><strong>Brabantia,</strong></span> <span class='ocrx_word' id='word_1_460' title='bbox 795 4132 1080 4193; x_wconf 86' lang='lat' dir='ltr'><strong>Hanonia,</strong></span> <span class='ocrx_word' id='word_1_461' title='bbox 1107 4130 1398 4193; x_wconf 72' lang='lat' dir='ltr'><strong>mandria,</strong></span> <span class='ocrx_word' id='word_1_462' title='bbox 1423 4132 1484 4184; x_wconf 91' lang='lat' dir='ltr'><strong>et</strong></span> <span class='ocrx_word' id='word_1_463' title='bbox 1514 4130 1780 4195; x_wconf 87' lang='lat' dir='ltr'><strong>inferiorj</strong></span> <span class='ocrx_word' id='word_1_464' title='bbox 1807 4129 1972 4195; x_wconf 86' lang='lat' dir='ltr'><strong>parte</strong></span> <span class='ocrx_word' id='word_1_465' title='bbox 2001 4128 2265 4190; x_wconf 88' lang='lat' dir='ltr'><strong>Francie,</strong></span> <span class='ocrx_word' id='word_1_466' title='bbox 2291 4124 2513 4178; x_wconf 86' lang='lat' dir='ltr'><strong>scilicet</strong></span> <span class='ocrx_word' id='word_1_467' title='bbox 2533 4124 2596 4175; x_wconf 91' lang='lat' dir='ltr'><strong>in</strong></span> <span class='ocrx_word' id='word_1_468' title='bbox 2617 4121 2904 4180; x_wconf 79' lang='lat' dir='ltr'><strong>Picardia,</strong></span> 
     </span>
     <span class='ocr_line' id='line_1_45' title="bbox 438 4204 2905 4275; baseline -0.005 -7"><span class='ocrx_word' id='word_1_469' title='bbox 438 4216 573 4275; x_wconf 86' lang='lat' dir='ltr'><strong>imo,</strong></span> <span class='ocrx_word' id='word_1_470' title='bbox 597 4217 666 4268; x_wconf 84' lang='lat' dir='ltr'><strong>ut</strong></span> <span class='ocrx_word' id='word_1_471' title='bbox 696 4215 758 4267; x_wconf 91' lang='lat' dir='ltr'><strong>in</strong></span> <span class='ocrx_word' id='word_1_472' title='bbox 792 4228 1015 4268; x_wconf 89' lang='lat' dir='ltr'><strong>summa</strong></span> <span class='ocrx_word' id='word_1_473' title='bbox 1047 4213 1405 4272; x_wconf 89' lang='lat' dir='ltr'><strong>concludam,</strong></span> <span class='ocrx_word' id='word_1_474' title='bbox 1446 4213 1517 4265; x_wconf 89' lang='lat' dir='ltr'><strong>ad</strong></span> <span class='ocrx_word' id='word_1_475' title='bbox 1553 4213 1858 4271; x_wconf 87' lang='lat' dir='ltr'><strong>orientem,</strong></span> <span class='ocrx_word' id='word_1_476' title='bbox 1894 4210 2216 4274; x_wconf 88' lang='lat' dir='ltr'><strong>meridiem,</strong></span> <span class='ocrx_word' id='word_1_477' title='bbox 2254 4206 2611 4260; x_wconf 89' lang='lat' dir='ltr'><strong>occidentem</strong></span> <span class='ocrx_word' id='word_1_478' title='bbox 2646 4205 2707 4257; x_wconf 90' lang='lat' dir='ltr'><strong>et</strong></span> <span class='ocrx_word' id='word_1_479' title='bbox 2740 4204 2905 4268; x_wconf 89' lang='lat' dir='ltr'><strong>aqui·</strong></span> 
     </span>
    </p>
   </div>
   <div class='ocr_carea' id='block_1_3' title="bbox 512 4475 1487 4621">
    <p class='ocr_par' dir='ltr' id='par_1_4' title="bbox 512 4475 1487 4621">
     <span class='ocr_line' id='line_1_46' title="bbox 512 4475 1101 4541; baseline -0.002 -15"><span class='ocrx_word' id='word_1_480' title='bbox 512 4475 587 4541; x_wconf 92' lang='lat'><strong>(1)</strong></span> <span class='ocrx_word' id='word_1_481' title='bbox 618 4475 898 4530; x_wconf 65' lang='lat' dir='ltr'><strong>Matthaei</strong></span> <span class='ocrx_word' id='word_1_482' title='bbox 926 4476 980 4539; x_wconf 83' lang='lat'><strong>7,</strong></span> <span class='ocrx_word' id='word_1_483' title='bbox 1021 4475 1101 4526; x_wconf 86' lang='lat'><strong>15.</strong></span> 
     </span>
     <span class='ocr_line' id='line_1_47' title="bbox 513 4550 1487 4621; baseline -0.007 -14"><span class='ocrx_word' id='word_1_484' title='bbox 513 4553 586 4615; x_wconf 79' lang='grc'><strong>(2)</strong></span> <span class='ocrx_word' id='word_1_485' title='bbox 623 4553 845 4621; x_wconf 78' lang='lat' dir='ltr'><strong>Migne,</strong></span> <span class='ocrx_word' id='word_1_486' title='bbox 869 4553 999 4606; x_wconf 86' lang='lat' dir='ltr'><strong>deel</strong></span> <span class='ocrx_word' id='word_1_487' title='bbox 1021 4550 1201 4613; x_wconf 86' lang='lat' dir='ltr'><strong>XXV,</strong></span> <span class='ocrx_word' id='word_1_488' title='bbox 1227 4550 1346 4604; x_wconf 86' lang='lat' dir='ltr'><strong>kol.</strong></span> <span class='ocrx_word' id='word_1_489' title='bbox 1370 4552 1487 4604; x_wconf 85' lang='lat'>745.</span> 
     </span>
    </p>
   </div>
   <div class='ocr_carea' id='block_1_4' title="bbox 3454 108 3465 1742">
    <p class='ocr_par' dir='ltr' id='par_1_5' title="bbox 3454 108 3465 1742">
     <span class='ocr_line' id='line_1_48' title="bbox 3454 108 3465 1742; baseline 0 0"><span class='ocrx_word' id='word_1_490' title='bbox 3454 108 3465 1742; x_wconf 95' lang='lat' dir='ltr'><strong> </strong></span> 
     </span>
    </p>
   </div>
  </div>
 </body>
</html>
