3526 5522
1333 586 1541 641 ANNO
1581 587 1707 640 1460
2639 542 2733 640 103

324 748 544 800 inclinati
565 751 621 801 et
642 750 760 802 dati
783 750 965 812 viciis,
993 752 1081 804 est
1117 752 1305 803 tamen
1342 751 1456 803 alia
1487 752 1644 803 racio
1668 752 1987 804 reformans
2010 752 2260 817 pactum,
2284 753 2550 816 quoniam
2576 754 2733 805 tanto

324 831 428 896 plus
453 832 735 898 impugnat
771 834 994 891 demon,
1025 836 1086 885 ut
1119 835 1419 885 vincantur
1453 836 1512 885 et
1536 835 1946 900 pertrahantur
1978 835 2049 886 ad
2083 836 2298 886 sectam
2332 837 2391 887 et
2413 838 2734 901 congaudet

324 926 404 963 eos
434 915 676 979 reprere
718 916 776 966 in
819 919 994 976 secta,
1020 918 1084 968 ut
1121 919 1280 981 patet
1319 930 1388 968 ex
1423 930 1695 981 processu
1735 918 1999 983 magistri
2035 915 2325 968 Guillelmi
2367 917 2628 975 Adeline,
2673 920 2732 969 et

323 998 620 1060 aspernatur
643 984 814 1064 atque
840 1000 1193 1064 contempnit
1210 1000 1469 1064 recipere
1496 998 1637 1050 viles
1657 1013 1933 1064 personas
1959 999 2028 1050 ad
2051 1001 2567 1067 congregacionem
2591 1002 2736 1066 ipse,

324 1078 402 1141 qui
421 1082 499 1130 est
514 1081 775 1146 superbie
796 1084 979 1148 pater.
1007 1082 1122 1134 Per
1144 1084 1390 1146 quatuor
1408 1083 1560 1133 enim
1586 1097 1805 1146 sensus,
1826 1097 1930 1147 per
1954 1096 2127 1134 unum
2147 1083 2478 1135 interiorem
2498 1084 2738 1147 (scilicet

323 1174 407 1225 per
433 1163 537 1213 vim
568 1165 931 1230 cogitativam
965 1179 1067 1217 scu
1103 1166 1500 1227 estimativam)
1524 1168 1584 1217 ct
1615 1180 1720 1231 per
1754 1167 1871 1217 tres
1906 1167 2222 1219 exteriores
2257 1164 2498 1229 (scilicet
2529 1168 2730 1224 visum,

323 1244 539 1296 auditum
581 1248 638 1297 et
683 1249 916 1307 tactum,
941 1249 1245 1313 presertim
1292 1248 1349 1299 in
1395 1248 1659 1314 amplexu
1695 1251 1753 1300 et
1797 1249 2040 1314 copula),
2078 1250 2363 1300 interdum
2405 1251 2583 1301 eciam
2624 1264 2730 1315 per

324 1325 524 1378 olfatum
546 1343 644 1380 seu
669 1330 969 1382 odoratum
991 1333 1050 1383 et
1072 1345 1177 1396 per
1207 1330 1562 1383 intellectum
1586 1333 1755 1395 atque
1781 1345 1850 1382 ex
1876 1332 2070 1384 multis
2094 1331 2339 1390 indic-iis,
2367 1345 2477 1395 que
2500 1330 2733 1398 longum

321 1409 460 1460 nimis
496 1414 641 1463 esset
680 1413 984 1471 adducere,
1025 1416 1377 1479 cognoscunt
1422 1413 1733 1466 valdenses
1782 1413 2056 1479 dyabolos
2101 1415 2368 1466 distincte
2415 1429 2450 1466 a
2493 1415 2632 1465 viris
2679 1418 2737 1466 et

321 1491 553 1555 dyabolas
573 1508 608 1545 a
629 1495 985 1557 mulieribus,
1013 1498 1070 1548 et
1106 1509 1211 1561 per
1243 1510 1600 1560 consequens
1636 1496 2025 1548 differenciam
2047 1496 2200 1549 inter
2223 1509 2413 1550 veram
2438 1497 2737 1550 mulierem

317 1576 364 1624 et
389 1580 820 1640 representatum
856 1592 961 1644 per
996 1579 1314 1644 dyabolam,
1340 1579 1390 1629 si
1428 1580 1505 1631 ibi
1542 1579 1671 1630 talis
1695 1582 1865 1632 esset.
1893 1580 1968 1631 Et
1991 1580 2140 1632 idem
2163 1582 2252 1631 est
2274 1580 2637 1632 senciendum
2665 1582 2733 1631 de

317 1656 417 1707 viro
439 1660 587 1710 etde
620 1660 867 1726 dyabolo
911 1675 1016 1726 per
1056 1663 1169 1712 vim
1207 1662 1576 1728 cogitativam
1616 1676 1718 1717 seu
1758 1663 2159 1722 estimativam,
2189 1663 2456 1727 quoniam
2496 1677 2569 1714 ex
2608 1663 2732 1714 visu

316 1739 556 1800 demonis,
575 1742 634 1793 in
654 1756 1014 1808 quocumque
1033 1757 1172 1796 sexu
1192 1747 1482 1809 appareat,
1495 1746 1863 1797 exterrentur
1880 1744 2210 1806 valdenses,
2224 1746 2734 1809 quantumcumque

316 1822 492 1874 assueti
525 1825 638 1875 sint
670 1826 867 1878 videre
903 1827 1222 1879 demonem.
1260 1841 1389 1878 cum
1425 1827 1804 1879 communiter
1838 1827 2047 1880 habeat
2083 1827 2400 1879 terribilem
2434 1829 2638 1879 faciem
2673 1831 2736 1879 ct

314 1904 466 1956 eciam
489 1908 714 1959 modum
738 1923 840 1960 seu
866 1912 1092 1974 gestum
1117 1909 1473 1975 corporalem
1496 1911 1956 1974 incompositum,
1983 1914 2041 1961 et
2076 1924 2181 1975 per
2203 1910 2362 1961 illam
2383 1911 2497 1961 vim
2520 1911 2734 1976 cogita-

315 1987 456 2039 tivam
497 1989 730 2041 eliciunt
764 1991 1014 2056 speciem
1050 1992 1377 2055 inimicicie,
1413 1992 1887 2056 quemadmodum
1924 1994 2045 2044 ovis
2081 1993 2139 2044 in
2175 1994 2480 2058 conspectu
2516 1992 2636 2058 lupi
2676 1997 2736 2045 ct

315 2071 494 2123 exinde
525 2074 692 2139 fugit.
730 2074 849 2127 Per
881 2074 1085 2134 visum,
1111 2076 1378 2139 quoniam
1405 2076 1609 2128 demon
1637 2090 1749 2127 non
1787 2076 1869 2127 ita
1902 2077 2113 2127 format
2144 2090 2350 2141 corpus
2386 2078 2733 2141 assumptum

312 2164 369 2203 ex
389 2160 510 2206 aere
533 2157 879 2208 condensato
915 2156 1003 2209 vel
1041 2157 1200 2218 alias,
1226 2159 1362 2223 quin
1402 2157 1690 2223 relinquat
1722 2158 1904 2210 multa
1937 2159 1997 2210 in
2033 2158 2133 2210 tali
2168 2172 2408 2224 corpore
2443 2160 2625 2224 signa,
2662 2173 2732 2211 ex

313 2236 486 2298 quibus
524 2240 891 2306 cognoscitur
931 2241 1156 2300 demon,
1192 2241 1282 2293 vel
1324 2255 1395 2293 ex
1436 2240 1630 2293 colore
1675 2240 1843 2307 nigro
1884 2255 2110 2307 semper
2153 2242 2213 2292 in
2256 2242 2447 2307 specie
2487 2242 2734 2295 humana

311 2321 619 2383 superducto
655 2322 1013 2387 imperfecte,
1039 2325 1099 2375 in
1134 2337 1374 2389 corpore
1409 2339 1523 2375 non
1558 2325 1704 2376 bene
1731 2325 2035 2376 terminato
2060 2324 2243 2376 solido
2268 2327 2329 2377 et
2352 2325 2516 2377 firmo
2540 2326 2639 2378 aut
2661 2340 2729 2377 ex

310 2404 592 2464 quantitate
636 2406 929 2458 excessiva
968 2407 1177 2471 sepius.
1229 2407 1314 2457 Ex
1360 2407 1880 2459 communicacione
1919 2407 2100 2459 eciam
2145 2421 2247 2459 seu
2295 2409 2732 2460 conversacione

312 2484 358 2533 et
382 2487 537 2536 modo
572 2488 868 2547 extraneO,
895 2502 966 2540 ex
1002 2503 1116 2540 non
1151 2488 1371 2541 edendo
1407 2489 1597 2554 sepius
1621 2489 1712 2541 vel
1737 2489 2042 2554 aliquando
2066 2504 2139 2542 ex
2163 2490 2392 2542 fictione
2417 2490 2476 2542 et
2498 2488 2730 2543 simula·

309 2565 445 2618 cione
467 2570 687 2629 edendi,
715 2572 971 2634 quamvis
1010 2586 1124 2623 non
1159 2585 1292 2624 vere
1328 2585 1512 2635 neque
1547 2572 1780 2636 proprie
1818 2574 2093 2632 comedat,
2120 2573 2270 2624 sicut
2291 2585 2476 2635 neque
2498 2574 2731 2638 proprie

310 2652 510 2703 exercet
530 2666 707 2717 opera
729 2654 843 2705 vite
868 2652 1147 2715 animaliS,
1175 2655 1649 2719 quemadmodum
1674 2657 1945 2707 exercent
1967 2655 2078 2705 vivi
2103 2655 2162 2705 et
2183 2655 2303 2706 veri
2326 2655 2608 2716 homines,
2633 2657 2729 2719 qui

309 2730 355 2781 in
374 2731 480 2785 illis
502 2736 1049 2803 congregacionibus
1074 2738 1264 2789 omnia
1287 2750 1463 2802 opera
1485 2737 1598 2789 vite
1621 2738 1895 2789 exercent
1927 2739 1985 2789 et
2008 2736 2443 2789 confabulantur
2465 2737 2729 2797 invicem,

312 2816 359 2864 et
387 2816 606 2882 insuper
643 2833 715 2871 ex
751 2821 997 2886 superbo
1033 2823 1200 2886 gestu
1227 2823 1285 2872 et
1307 2821 1591 2886 paucitate
1616 2819 1906 2884 loquendi,
1933 2822 1993 2872 et
2013 2822 2258 2872 maxime
2282 2823 2341 2871 et
2363 2822 2730 2873 certitudina-

311 2894 423 2948 litcr
444 2903 801 2967 cognoscitur
835 2916 942 2968 per
978 2904 1158 2955 visum
1182 2917 1217 2954 a
1237 2903 1732 2966 frequentantibus
1767 2903 2272 2969 congregacione&
2296 2903 2430 2967 quia
2451 2905 2516 2956 ut
2538 2906 2744 2977 sepius⁴

312 2977 488 3033 demon
511 2982 681 3036 habet
702 2998 935 3051 grossos
960 2985 1153 3037 oculos
1177 2987 1236 3037 et
1258 2998 1483 3050 semper
1506 2985 1678 3037 habet
1702 2983 1898 3037 oculos
1932 2986 1992 3036 in
2027 2986 2577 3052 congregacionibus
2612 2986 2729 3038 illis

311 3063 588 3127 mirabiles,
615 3067 923 3128 terribiles,
957 3081 1209 3134 asperos,
1247 3068 1479 3134 ignitos,
1507 3068 1904 3128 inflammatos,
1931 3067 2169 3128 lucidos,
2195 3067 2589 3130 scintillantes,
2616 3072 2728 3122 etc.

310 3142 407 3196 Per
435 3149 681 3201 auditum
710 3164 864 3209 vero,
890 3151 950 3202 in
973 3164 1110 3203 voce
1146 3163 1258 3202 non
1293 3150 1466 3208 clara,
1495 3165 1607 3202 non
1630 3151 1887 3216 perfecte
1913 3151 2196 3208 distincta,
2224 3151 2325 3203 sed
2347 3164 2539 3212 rauca,
2565 3153 2730 3216 quasi

313 3224 611 3292 loqueretur
633 3233 692 3284 in
716 3235 854 3299 poto
878 3233 965 3285 vel
1002 3234 1168 3299 ydria
1194 3234 1293 3285 aut
1323 3233 1552 3284 bucina.
1578 3234 1693 3285 Per
1717 3235 1948 3293 tactum,
1976 3248 2047 3285 ex
2072 3234 2452 3298 disposicione
2475 3235 2734 3300 corporis

310 3311 398 3370 sui,
418 3316 557 3376 quod
574 3317 927 3368 communius
946 3319 1035 3369 est
1052 3315 1225 3368 molle
1250 3318 1310 3368 et
1331 3317 1605 3383 frigidum
1625 3317 1724 3367 aut
1741 3315 1910 3367 aliter
1933 3316 2271 3381 dispositum
2296 3331 2463 3381 quam
2487 3318 2736 3370 humana

311 3405 521 3460 corpora
551 3413 687 3452 vera
719 3401 779 3452 et
812 3400 1084 3463 vivencia,
1111 3401 1171 3454 et
1205 3400 1449 3452 maxime
1483 3412 1588 3464 per
1625 3399 1839 3450 tactum
1873 3398 1932 3449 in
1966 3398 2172 3463 copula
2194 3399 2428 3460 carnali,
2456 3401 2520 3451 ut
2543 3401 2732 3451 omnia

310 3473 401 3528 ista
419 3483 671 3534 constant
692 3496 763 3536 ex
785 3485 1172 3549 processibus,
1196 3497 1305 3548 que
1339 3482 1530 3534 omnia
1564 3480 1899 3546 intelligunt
1933 3482 2083 3533 docti
2118 3482 2336 3533 iudices
2370 3483 2505 3533 boni
2540 3482 2646 3534 zeli
2671 3484 2729 3533 et

311 3559 648 3627 singulariter
671 3565 816 3617 bene
842 3567 1045 3629 pratici
1069 3567 1128 3615 in
1153 3566 1264 3616 ista
1280 3564 1538 3615 materia.
1569 3562 1780 3616 Mulier
1801 3565 1955 3617 enim
1979 3578 2106 3616 cum
2125 3564 2366 3616 demone
2390 3563 2605 3616 nullam
2631 3566 2728 3616 aut

311 3644 556 3698 modicam
578 3647 752 3700 habet
773 3646 1216 3699 delectacionem
1240 3647 1298 3698 in
1324 3645 1590 3711 amplexu
1613 3644 1850 3709 carnali,
1871 3647 1971 3698 sed
1994 3660 2066 3699 ex
2090 3647 2296 3698 timore
2315 3649 2374 3699 et
2397 3646 2729 3699 obediencia

312 3738 363 3776 se
394 3731 650 3794 supponit
683 3730 930 3792 demoni,
968 3730 1065 3794 qui
1098 3729 1374 3794 relinquit
1408 3729 1704 3781 materiam
1738 3729 1987 3781 maxime
2020 3729 2291 3795 frigidam
2324 3731 2384 3782 et
2415 3728 2726 3790 humidam,

313 3814 622 3876 corruptam,
647 3826 926 3871 croceam,
954 3814 1085 3877 etc.;
1121 3826 1248 3863 cum
1280 3813 1401 3863 viro
1438 3825 1571 3863 vero
1605 3812 1664 3862 in
1701 3812 2252 3878 congregacionibus
2286 3811 2729 3865 delectacionem

313 3893 539 3955 equalem
578 3895 768 3957 habet,
805 3897 869 3947 ut
906 3896 966 3946 in
1006 3894 1237 3953 mundo,
1273 3897 1370 3947 aut
1410 3894 1703 3956 maiorem,
1747 3896 1813 3945 ut
1850 3895 2044 3946 ferunt
2083 3908 2153 3945 ex
2186 3895 2346 3959 prius
2386 3895 2571 3946 dictis.
2615 3896 2731 3947 Per

313 3972 518 4030 olfatum
539 3993 639 4031 seu
663 3979 962 4031 odoratum
996 3976 1319 4044 aliquando,
1346 3978 1612 4041 quoniam
1636 3991 1845 4043 corpus
1868 3979 2219 4042 assumptum
2252 3991 2286 4029 a
2309 3978 2568 4036 demone,
2593 3976 2731 4030 licet

311 4060 568 4116 rarissime
602 4063 791 4129 potest
825 4075 952 4114 esse
984 4062 1225 4114 cadaver
1263 4062 1565 4120 mortuum,
1602 4061 1796 4127 sepius
1835 4074 1972 4113 vero
2012 4061 2103 4112 est
2140 4061 2446 4112 formatum
2490 4072 2563 4111 ex
2597 4065 2728 4111 aere

312 4138 514 4196 densato
536 4146 734 4204 fetido,
759 4144 849 4198 vel
875 4146 1081 4197 demon
1115 4145 1174 4195 in
1208 4156 1451 4209 corpore
1485 4143 1568 4194 sic
1599 4144 1846 4195 formato
1881 4142 2116 4208 apponit
2149 4142 2397 4207 aliquam
2432 4142 2729 4195 materiam

310 4218 512 4277 fetidam
543 4227 813 4280 celeriter
846 4230 907 4279 ct
936 4225 1486 4293 imperceptibiliter.
1514 4226 1630 4278 Per
1661 4224 2019 4279 intellectum
2054 4228 2261 4286 autem,
2298 4225 2565 4291 quoniam
2600 4224 2729 4278 Val-

311 4303 483 4359 denses
515 4323 586 4361 ex
628 4310 1068 4362 conversacione
1116 4323 1242 4362 cum
1294 4309 1631 4361 demonibus
1678 4309 1906 4360 tandem
1947 4309 2351 4374 relinquuntur
2385 4309 2625 4362 desolati
2672 4309 2731 4360 et

310 4385 474 4441 tristes
505 4392 562 4443 in
596 4406 845 4454 recessu,
881 4405 1048 4456 quam
1083 4391 1504 4445 desolacionem
1540 4393 1599 4444 et
1633 4391 1936 4444 tristiciam
1970 4391 2296 4444 intellectus
2329 4391 2728 4457 apprehendit.

310 4468 582 4528 Accusacio
617 4490 757 4543 ergo
791 4488 898 4541 per
928 4476 1108 4527 visum
1142 4476 1300 4527 certa
1331 4476 1437 4532 est,
1464 4476 1525 4526 et
1544 4488 1651 4540 per
1676 4475 1934 4526 auditum
1968 4488 2096 4526 cum
2130 4475 2254 4527 visu
2277 4475 2517 4533 cercior,
2543 4476 2605 4526 et
2624 4486 2732 4539 per

313 4552 512 4616 tactum.
531 4560 772 4611 maxime
790 4560 851 4611 in
877 4557 1142 4623 amplexu
1159 4557 1393 4617 carnali,
1406 4571 1535 4609 cum
1558 4557 1680 4609 visu
1702 4558 1761 4609 et
1779 4557 1993 4616 auditu,
2014 4556 2333 4608 certissima
2355 4558 2414 4609 et
2435 4557 2733 4609 vehemen-

315 4634 504 4691 tissima
519 4644 575 4693 et
590 4639 915 4708 gravissimi
931 4641 1218 4704 ponderis.
1242 4640 1517 4693 Similiter
1535 4654 1569 4691 a
1587 4639 1868 4705 discipulo
1890 4640 1948 4690 in
1974 4639 2175 4691 ordine
2200 4639 2270 4690 ad
2293 4639 2728 4690 instructionem
