3526 5522
734 613 798 665 94
1775 614 1985 668 ANNO
2023 613 2150 666 1460

740 804 787 855 1.
825 803 1138 856 Aancunus
1173 816 1393 857 ramus.
1435 802 1514 856 De
1537 803 1913 872 possibilitate
1935 812 1985 857 et
2006 807 2178 857 etiam
2200 803 2271 858 de
2291 806 2548 860 realitate
2579 815 2631 858 et
2659 810 2885 860 veritate
2916 811 3157 861 transitus

866 885 1176 954 corporatis
1201 884 1556 939 Valdenst'um
1576 885 1656 939 ad
1677 889 2152 953 congregacione,
2172 890 2268 957 qui
2289 887 2653 956 deportantur
2669 905 2771 954 per
2793 890 3062 943 demones.

809 1110 1066 1163 Secundo
1102 1112 1505 1164 attendendum
1540 1111 1695 1163 circa
1727 1112 1956 1163 modum
1992 1112 2342 1177 procedendi
2377 1114 2648 1165 adversus
2671 1113 2917 1177 aliquem
2941 1114 3162 1179 particu-

743 1194 941 1256 larem,
978 1194 1214 1247 salutari
1248 1196 1568 1246 monicione
1603 1199 1664 1247 et
1696 1195 2015 1247 iuramento
2052 1197 2123 1247 de
2157 1196 2397 1247 dicendo
2440 1197 2738 1249 veritatem
2776 1197 3165 1263 presuppositis

740 1291 867 1327 cum
913 1278 1083 1329 certis
1129 1276 1590 1342 interrogatoriis
1642 1290 1822 1339 usque
1884 1277 1954 1327 ad
2004 1278 2363 1342 apercionem
2411 1279 2653 1329 materie
2699 1277 2991 1339 inclusive,
3036 1279 3166 1343 quod

740 1362 1252 1423 quantumcumque
1297 1359 1571 1410 iuraverit
1603 1360 1795 1410 dicere
1841 1359 2158 1423 veritatem,
2195 1360 2291 1423 qui
2326 1359 2739 1427 interrogatur,
2777 1362 2899 1426 ipse
2932 1361 3167 1427 periuria

740 1441 919 1493 multa
956 1444 1209 1493 incurret
1249 1442 1307 1492 in
1353 1443 1472 1492 toto
1506 1455 1777 1505 processu
1812 1443 1874 1492 et
1906 1441 2084 1493 multa
2117 1442 2413 1494 mendacia
2445 1444 2752 1509 confinget,
2791 1443 3087 1495 inficiendo
3117 1445 3167 1494 et

740 1524 1002 1591 negando
1035 1526 1363 1576 constanter
1396 1525 1627 1581 tactum,
1666 1524 1736 1575 de
1773 1538 1884 1587 quo
1927 1526 2241 1582 accusatur,
2279 1527 2339 1576 et
2371 1539 2499 1577 cum
2534 1526 2870 1577 iuramentis
2904 1526 3089 1577 multis
3118 1527 3169 1577 et

741 1606 1334 1667 anathematizacione,
1361 1606 1645 1670 verbaque
1670 1605 1860 1657 dulcia
1880 1608 1939 1658 et
1973 1608 2187 1672 optima
2215 1606 2464 1666 habebit,
2492 1609 2893 1674 presupposita
2911 1610 3165 1674 protesta-

741 1690 905 1742 cione
924 1704 1028 1742 sua
1044 1690 1115 1740 ad
1133 1690 1428 1741 demonem
1451 1702 1465 1738 :
1493 1710 1518 1730 κ
1538 1689 1679 1748 Stre,
1699 1704 1772 1741 ne
1786 1696 1837 1740 te
1853 1688 2145 1755 desplaiso,
2159 1712 2185 1734 ι·
2207 1691 2267 1741 et
2284 1691 2452 1753 dicet,
2466 1693 2617 1755 quod
2635 1707 2695 1743 se
2715 1691 2913 1743 reffert
2929 1691 3167 1754 inqueste

742 1773 813 1825 de
837 1787 899 1825 se
933 1773 1121 1825 flende
1152 1785 1258 1838 per
1289 1774 1515 1832 tamam,
1541 1774 1650 1823 etc.
1677 1772 1799 1831 Que
1824 1772 2017 1822 omnia
2036 1785 2271 1837 parvum
2296 1773 2595 1825 vendicant
2627 1774 2736 1824 sibi
2769 1774 2954 1826 locum
2989 1775 3047 1825 in
3078 1774 3169 1824 hac

741 1856 997 1915 materia,
1017 1858 1082 1907 ut
1097 1854 1327 1921 planum
1347 1853 1460 1906 erit
1474 1855 1535 1905 in
1553 1854 1944 1918 sequentibus.
1958 1853 2030 1905 Et
2047 1854 2333 1906 invocabit
2349 1855 2530 1907 Deum
2551 1870 2615 1908 ac
2633 1859 2878 1915 sanctos,
2900 1857 3171 1922 potissime

740 1940 995 1990 sanctum
1021 1936 1391 2004 singulariter
1407 1936 1779 1990 reclamatum
1805 1937 1864 1987 in
1888 1936 2091 2000 patria,
2114 1938 2308 1988 dicens
2332 1940 2390 1990 et
2416 1939 2735 1996 obsecrans,
2764 1940 2917 2003 quod
2938 1938 3105 1991 velint
3122 1940 3173 1989 et

739 2022 1050 2088 dignentur
1073 2020 1183 2071 sibi
1205 2033 1540 2071 succurrere
1575 2021 1632 2071 et
1667 2019 1951 2078 auxiliari,
1979 2020 2453 2082 quemadmodum
2478 2021 2625 2086 apud
2649 2035 2748 2073 eos
2773 2021 2999 2074 meruit.
3026 2021 3173 2072 Dicet

739 2104 995 2167 insuper,
1016 2104 1166 2166 quod
1185 2100 1359 2153 nichil
1379 2101 1562 2168 magis
1586 2101 1758 2152 habet
1777 2102 1907 2152 odio
1932 2115 2102 2165 quam
2124 2101 2436 2154 valdenses
2463 2106 2523 2155 et
2545 2102 2718 2156 vellet
2741 2118 2938 2156 omnes
2960 2106 3170 2156 exustos

742 2200 888 2238 esse.
914 2185 981 2236 In
1005 2184 1161 2236 nullo
1187 2187 1375 2237 tamen
1398 2185 1615 2236 moveri
1639 2184 1849 2236 debent
1868 2186 2120 2237 astantes
2137 2188 2374 2250 propter
2393 2186 2567 2238 verba
2589 2199 2692 2237 sua
2707 2189 2766 2238 et
2786 2187 3169 2245 constanciam,

746 2268 882 2333 quin
907 2267 1170 2319 adstatim
1204 2282 1316 2319 uno
1341 2269 1525 2319 tractu
1550 2267 1864 2331 procedant
1896 2267 1969 2318 ad
2003 2268 2513 2330 quaestionandum
2549 2281 2698 2326 eum,
2720 2270 2986 2333 quicquid
3019 2269 3169 2326 dicat,

747 2364 930 2414 neque
963 2350 1329 2415 presentandi
1363 2351 1496 2401 sunt
1529 2349 1583 2401 ei
1619 2350 1795 2400 testes
1826 2363 1927 2400 seu
1953 2350 2331 2410 accusatores,
2359 2351 2470 2402 nisi
2492 2351 2812 2416 presciatur
2835 2352 2983 2403 bona
3002 2352 3170 2416 dispo-

745 2433 878 2485 sitio
911 2446 1140 2495 eorum;
1175 2435 1234 2484 et
1268 2432 1451 2484 adhuc
1484 2432 1635 2482 bona
1668 2431 2050 2495 disposicione
2086 2434 2317 2485 testium
2352 2434 2607 2486 adhibita
2638 2434 2906 2499 prescita‚
2930 2436 3017 2487 est
3036 2434 3169 2499 peri·

745 2515 932 2568 culum
964 2517 1034 2568 de
1067 2515 1468 2580 presentando,
1495 2514 1761 2578 quoniam
1797 2514 2025 2581 signum
2049 2514 2262 2567 habent
2294 2515 2526 2580 aliquod
2548 2518 2700 2568 inter
2722 2530 2804 2575 se,
2829 2531 2934 2582 per
2954 2517 3099 2581 quod
3118 2516 3171 2567 in

742 2600 1042 2664 presencia
1079 2598 1326 2650 accusati
1365 2597 1654 2649 interdum
1693 2597 1933 2649 variant.
1972 2597 2174 2649 Potest
2211 2600 2401 2651 tamen
2437 2600 2558 2665 peti
2597 2599 2667 2651 ab
2708 2613 2797 2657 eo,
2839 2599 2889 2651 si
2929 2599 3170 2652 videatur

745 2681 1037 2747 expedire,
1063 2695 1134 2733 an
1170 2679 1308 2732 velit
1340 2694 1403 2731 se
1438 2681 1675 2733 reffert-e
1699 2678 1961 2731 testibus.
1988 2681 2154 2733 Dicet
2174 2682 2387 2747 sepius,
2412 2682 2563 2747 quod
2587 2696 2700 2734 non
2724 2684 2783 2733 et
2805 2682 2956 2746 quod
2978 2682 3171 2734 misere

742 2768 876 2816 sunt
895 2778 1160 2830 persone,
1187 2766 1245 2815 et
1278 2763 1505 2829 signum
1540 2763 1670 2825 erit,
1701 2764 1852 2827 quod
1886 2761 2188 2829 culpabilis
2222 2767 2328 2817 est.
2355 2766 2415 2818 Si
2451 2766 2620 2824 dicat,
2646 2765 2794 2829 quod
2831 2765 2932 2824 sic,
2958 2767 3077 2830 ipse
3098 2765 3172 2817 eis

748 2847 958 2899 auditis
1000 2861 1111 2897 non
1147 2860 1208 2897 se
1242 2846 1477 2897 refferet
1509 2846 1569 2897 et
1600 2846 1941 2909 perderetur
1976 2848 2199 2912 tempus
2232 2849 2293 2899 et
2324 2848 2683 2913 presentacio
2718 2847 2836 2898 illa.
2874 2848 3019 2900 Dum
3052 2860 3172 2900 vero

743 2929 1028 2994 questioni
1052 2929 1297 2986 dabitur,
1322 2926 1634 2993 appellabit
1655 2928 1726 2978 ad
1751 2928 2005 2980 divinum
2029 2929 2301 2981 iudicium
2327 2933 2386 2983 et
2408 2931 2560 2982 dicet
2580 2929 2962 2995 presentibus,
2987 2945 3048 2983 se
3070 2944 3171 2982 non

740 3012 1043 3069 dicturum,
1064 3012 1213 3075 quod
1232 3011 1431 3069 nescit,
1449 3011 1739 3074 petetque,
1760 3011 2028 3074 quicquid
2051 3011 2231 3063 velint
2247 3026 2376 3065 eum
2395 3012 2587 3064 dicere
2605 3012 2835 3065 debere.
2847 3012 3171 3078 Priusquam

741 3097 929 3147 tamen
964 3093 1377 3158 questionetur,
1404 3092 1638 3145 deberet
1670 3093 1902 3144 omnino
1937 3094 2073 3146 exui
2104 3094 2457 3147 vestimentis
2480 3094 2618 3154 suis,
2645 3095 2770 3147 radi
2794 3096 2854 3147 et
2874 3096 3086 3148 visitari
3116 3095 3171 3145 in

736 3176 995 3243 partibus
1012 3175 1292 3240 omnibus,
1312 3176 1588 3228 deberent
1604 3188 1826 3242 ungues
1848 3176 2138 3241 prescindi
2154 3178 2390 3243 propter
2406 3177 2633 3245 signum
2650 3178 2804 3243 pacti
2821 3192 2926 3231 seu
2947 3179 3168 3244 propter

738 3258 970 3324 aliquod
1007 3256 1303 3324 corporale
1341 3270 1579 3323 parvum
1620 3258 1815 3308 datum
1845 3271 1882 3310 a
1913 3258 2173 3322 demone,
2198 3260 2264 3311 ut
2299 3273 2543 3325 granum
2578 3259 2826 3325 aliquod,
2852 3260 2941 3313 vel
2980 3260 3169 3327 pilum,

737 3341 970 3395 anulum
992 3340 1083 3394 vel
1107 3339 1264 3392 filum
1289 3342 1386 3393 aut
1408 3340 1621 3404 aliquid
1646 3338 1780 3401 tale,
1808 3354 1918 3405 quo
1943 3341 2226 3394 existente
2249 3356 2421 3408 super
2444 3343 2528 3396 eis
2551 3345 2787 3409 sperant
2807 3344 2866 3395 in
2891 3342 3100 3396 auxilio
3118 3344 3174 3394 et

738 3438 1010 3478 succursu
1035 3423 1309 3483 demonis,
1331 3437 1513 3487 neque
1533 3438 1730 3476 verum
1747 3423 2080 3478 fatebuntur
2097 3423 2168 3476 ex‘
2185 3425 2468 3489 promisso
2487 3440 2615 3477 cum
2639 3426 2899 3485 demone,
2920 3426 3173 3490 quamdiu

739 3507 967 3574 signum
1001 3505 1115 3559 tale
1148 3507 1454 3567 habebunt,
1482 3508 1580 3558 aut
1613 3507 1662 3558 si
1695 3507 2003 3566 fateantur,
2031 3506 2296 3558 adstatim
2320 3507 2530 3570 dicent,
2556 3522 2618 3560 se
2641 3509 2697 3560 vi
2721 3509 2942 3561 torture
2964 3510 3171 3561 contes-

738 3605 833 3642 sos
856 3604 1002 3643 esse.

799 3672 1056 3724 visitatis
1089 3673 1279 3725 autem
1311 3671 1576 3737 perprius
1609 3671 2074 3724 accusacionibus
2108 3671 2196 3724 vel
2231 3672 2600 3725 accusacione
2636 3686 2767 3726 cum
2789 3674 3054 3727 omnibus
3075 3675 3168 3726 cir·

736 3756 1100 3808 cumstanciis
1133 3769 1239 3821 per
1272 3755 1622 3813 assistentes,
1659 3755 1708 3805 si
1745 3768 1859 3805 non
1895 3754 2249 3820 ingrediatur
2281 3754 2672 3818 questionatus
2706 3758 2763 3807 et
2798 3756 3172 3824 interrogatus

734 3853 840 3905 pro
863 3839 985 3891 vice
1008 3838 1111 3890 illa
1129 3838 1564 3897 confessionem,
1589 3835 1817 3888 calefiat
1837 3838 1897 3889 et
1918 3837 2065 3889 bene
2087 3836 2360 3902 pensetur
2383 3837 2441 3890 et
2461 3838 2836 3890 relocilletur.
2862 3838 2987 3900 Quo
3010 3841 3167 3896 tacto,

735 3921 1106 3979 refocillatus,
1149 3922 1283 3972 dum
1321 3919 1485 3971 dolor
1529 3932 1729 3972 recens
1772 3920 1879 3978 est,
1921 3920 2246 3972 remittatur
2285 3920 2356 3970 ad
2401 3920 2755 3984 questionem
2797 3925 2899 3974 aut
2935 3922 2996 3974 in
3036 3924 3168 3977 tetro

736 4018 966 4057 carcere
987 4002 1318 4056 recludatur
1340 4004 1400 4054 et
1420 4015 1593 4067 parce
1618 4003 1789 4065 atque
1814 4002 2042 4054 austere
2071 4001 2375 4061 nutriatur,
2401 4003 2671 4066 quoniam
2692 4003 2969 4057 obscurus
2992 4016 3172 4058 carcer

738 4091 796 4139 et
818 4087 1064 4152 parcitas
1086 4099 1190 4138 seu
1213 4085 1515 4136 austeritas
1539 4085 1722 4136 vietus
1743 4082 1986 4136 multum
2009 4086 2407 4150 operantur,ut
2428 4086 2556 4150 quis
2578 4099 2742 4138 suum
2766 4100 2963 4139 casum
2985 4101 3171 4155 agnos·

737 4170 846 4229 cat,
872 4182 1001 4221 cum
1024 4167 1331 4233 asperitate
1354 4166 1623 4230 loquendi
1645 4165 1969 4230 aliquorum
1992 4167 2688 4232 remonstrancium,quod
2710 4181 2909 4220 verum
2933 4170 3097 4229 dicat,
3117 4171 3168 4220 et

738 4251 1037 4304 dulcedine
1077 4249 1340 4302 aliorum.
1382 4248 1444 4301 Si
1488 4262 1624 4301 vero
1670 4249 2089 4302 contessionem
2133 4249 2223 4301 sui
2266 4264 2432 4302 casus
2476 4250 2776 4308 subintret,
2825 4252 3167 4319 interrogent

735 4335 985 4387 astantes
1010 4331 1249 4392 deloco,
1274 4332 1335 4384 in
1359 4346 1469 4396 quo
1492 4332 1604 4383 tuit
1627 4333 1837 4384 etcum
1862 4345 1993 4395 quo,
2018 4346 2120 4384 seu
2144 4332 2215 4384 de
2247 4333 2411 4397 parte
2444 4332 2666 4397 copule,
2691 4332 2821 4397 quis
2856 4334 3048 4388 docuit
3076 4346 3163 4386 seu

734 4416 897 4475 dixit,
923 4416 1103 4475 duxit,
1129 4415 1257 4479 quis
1280 4414 1576 4480 presidens
1599 4427 1701 4467 seu
1728 4413 1790 4466 in
1815 4428 1928 4479 qua
1949 4415 2136 4481 figura
2157 4415 2217 4466 et
2238 4415 2310 4467 de
2335 4416 2584 4477 nomine,
2611 4414 2709 4467 ubi
2730 4417 2869 4468 sunt
2896 4417 3167 4485 unguenta

732 4501 791 4554 et
823 4498 1057 4552 baculus
1093 4497 1249 4564 (quia
1279 4497 1439 4563 prius
1473 4497 1645 4551 debet
1677 4498 1984 4561 exarmari)
2008 4497 2161 4550 etde
2189 4497 2354 4549 donis
2377 4513 2449 4551 ex
2474 4500 2714 4563 utraque
2740 4502 2929 4564 parte,
2953 4503 3012 4554 et
3031 4498 3164 4566 quod

729 4583 936 4637 recitet
967 4581 1216 4640 modum,
1253 4582 1316 4631 ut
1349 4581 1606 4632 videatur
1638 4580 2010 4632 conformitas
2052 4580 2124 4632 ad
2164 4580 2607 4633 accusacionem.
2643 4581 2719 4634 Et
2761 4582 3010 4636 breviter
3040 4582 3165 4636 flant

734 4665 925 4717 omnia
958 4663 1421 4730 interrogatoria,
1448 4676 1558 4727 que
1593 4663 1855 4728 spectant
1887 4663 1955 4714 ad
1991 4663 2241 4722 modum,
2267 4665 2327 4715 et·
2359 4661 2460 4715 illa
2484 4662 2932 4730 interrogatoria
2953 4680 3021 4719 ex
3042 4679 3158 4731 pro-
