3526 5522
1320 607 1424 659 AN
1433 608 1532 660 ΝΟ
1572 608 1698 657 1349
2675 610 2745 659 35

337 763 391 815 Si
425 766 629 816 autem
663 768 959 830 queratur,
997 781 1106 831 que
1141 767 1258 819 sint
1299 768 1400 821 ille
1445 768 1629 835 leges,
1670 771 1986 823 cerimonie
2026 784 2128 822 seu
2170 771 2556 832 obseruantie,
2604 784 2745 834 quas

276 845 605 907 obseruant,
629 850 951 912 respondeo
988 863 1086 900 eas
1122 851 1208 901 tot
1242 864 1391 913 esse,
1418 852 1572 915 quod
1607 866 1806 905 omnes
1842 851 2133 917 explicare
2159 853 2466 915 nescirem,
2491 854 2741 904 attamen

274 926 415 978 inter
436 932 644 980 cetera
670 930 729 979 13
756 931 1150 983 obseruantias
1172 931 1387 998 recole,
1415 946 1557 997 quas
1582 936 1783 986 tenent
1804 949 1911 999 pro
1937 935 2168 985 statutis
2193 939 2251 986 et
2275 933 2500 1000 legibus
2527 950 2542 985 ε

333 1010 537 1061 Primo
580 1012 811 1074 quidem
851 1012 1063 1065 habent
1101 1016 1158 1063 5⁶
1197 1016 1283 1079 suj
1328 1016 1511 1066 status
1552 1016 1808 1081 insignia
1846 1017 1916 1067 ab
1959 1016 2087 1080 aliis
2135 1020 2425 1079 tamquam
2472 1015 2735 1081 Pharisej

275 1090 457 1152 diuisi,
501 1093 725 1146 scilicet
759 1099 975 1147 vestem
1010 1096 1238 1155 lineam,
1278 1098 1719 1151 descendentem
1756 1113 1792 1150 a
1824 1099 2059 1150 renibus
2095 1112 2275 1161 usque
2301 1098 2372 1149 ad
2396 1099 2591 1163 pedes,
2629 1111 2742 1162 qua

271 1177 506 1225 vtuntur
537 1177 715 1227 certis
749 1178 1117 1241 temporibus,
1153 1179 1418 1232 baculum
1454 1194 1557 1233 seu
1595 1181 1933 1243 burdonem,
1970 1178 2324 1245 mantellum,
2365 1180 2422 1230 in
2460 1194 2572 1243 quo
2610 1183 2742 1232 ante

270 1256 324 1306 et
350 1259 519 1308 retro
554 1257 738 1309 burdo
774 1259 1032 1324 depictus
1065 1264 1173 1324 est,
1208 1261 1449 1326 pilleum
1482 1265 1543 1314 et
1576 1263 1860 1326 quandam
1894 1261 2203 1328 virgulam,
2243 1263 2303 1313 in
2342 1275 2454 1325 qua
2487 1262 2742 1326 pendent

267 1336 296 1385 3
317 1337 403 1389 vel
425 1339 463 1388 4
493 1341 746 1406 corrigie
769 1342 893 1395 siue
916 1343 1179 1408 funiculi,
1206 1343 1485 1396 habentes
1507 1345 1568 1395 in
1594 1345 1710 1396 fine
1737 1345 1918 1395 nodos
1944 1343 2253 1396 aculeatos.

327 1419 515 1473 Simul
548 1425 885 1488 congregati
924 1424 1086 1490 mult-j
1115 1426 1186 1477 de
1210 1440 1320 1477 vna
1340 1425 1480 1478 villa
1504 1427 1914 1491 circu[m]eunt
1936 1439 2041 1490 per
2064 1425 2206 1477 alias
2240 1424 2407 1477 villas
2428 1424 2495 1475 30
2518 1426 2738 1487 diebus,

268 1515 461 1555 cruces
492 1509 552 1557 et
575 1504 789 1557 vexilla
809 1509 1126 1571 portantes.

324 1586 399 1644 3⁰,
448 1588 717 1638 ieiunant
761 1588 1017 1651 qualibet
1062 1590 1154 1642 die
1201 1591 1462 1648 Veneris,
1516 1591 1842 1643 asserentes
1890 1604 2004 1640 non
2051 1590 2312 1642 ieiunare
2359 1590 2452 1641 die
2496 1589 2739 1641 Veneris

270 1679 386 1718 esse
409 1671 717 1732 peccatum
740 1669 977 1722 cuilibet
999 1671 1339 1724 christiano.

329 1746 572 1808 Quarto,
621 1750 877 1814 qualibet
923 1753 1016 1804 die
1061 1754 1169 1813 bis,
1219 1754 1355 1818 nudj
1399 1768 1434 1805 a
1472 1754 1709 1806 renibus
1751 1754 1812 1805 et
1858 1766 2045 1818 supra,
2092 1754 2151 1804 in
2198 1753 2342 1804 locis
2391 1751 2637 1816 publicis
2678 1765 2740 1804 se

271 1829 568 1895 flagellant
602 1846 732 1884 cum
768 1835 1036 1901 corrigiis
1068 1837 1418 1897 memoratis,
1444 1836 1620 1889 certis
1642 1837 1817 1888 etiam
1854 1836 2071 1886 vicibus
2106 1849 2169 1886 se
2203 1835 2633 1899 prosternentes
2668 1834 2739 1885 ad

271 1914 505 1964 terram.

328 1993 560 2053 Quinto,
621 1997 682 2048 in
737 1997 1060 2064 huiusmodi
1122 1999 1512 2066 flagellatione
1571 2014 1635 2052 se
1686 1999 2022 2064 percutiunt
2078 2013 2258 2063 usque
2314 2000 2386 2051 ad
2442 1999 2740 2066 sanguinis

268 2075 622 2139 effusionem,
650 2079 797 2131 hanc
820 2081 942 2132 Deo
965 2080 1196 2146 placere
1230 2082 1517 2147 putantes,
1555 2080 1776 2133 similes
1811 2081 2208 2133 sacerdotibus
2245 2080 2405 2139 Baal,
2434 2082 2504 2133 de
2531 2081 2737 2145 quibus

265 2155 480 2223 legitur
512 2159 545 2209 3
589 2161 802 2227 Reyum
838 2161 1014 2225 180),
1052 2163 1224 2226 quod,
1262 2163 1599 2215 inuocantes
1657 2163 1829 2214 deum
1886 2175 2053 2214 suum
2102 2161 2265 2220 Baal.
2301 2162 2632 2213 incidebant
2675 2174 2740 2212 se

267 2239 464 2291 cultris
506 2243 679 2305 atque
720 2242 1022 2308 lanceolis;
1065 2245 1216 2307 quod
1260 2245 1386 2309 flerj
1432 2243 1660 2296 diabolo
1699 2244 2018 2310 instigante
2061 2242 2214 2294 haud
2251 2243 2488 2294 dubium
2528 2244 2633 2301 est,
2678 2244 2739 2293 vt

270 2322 417 2373 enim
464 2323 609 2374 dicit
654 2325 931 2391 magister
976 2326 1034 2376 in
1082 2326 1339 2391 historijs
1385 2340 1560 2391 super
1599 2325 1702 2376 illo
1748 2339 1922 2390 passu
1972 2336 1987 2375 z
2037 2345 2063 2367 ο·
2091 2326 2379 2377 Demones
2425 2323 2736 2389 plurimum

270 2403 627 2456 delectantur
682 2407 742 2457 in
799 2407 1078 2460 effusione
1134 2408 1436 2474 sanguinis
1495 2408 1770 2468 humani;
1818 2429 1844 2453 .-
1905 2408 1969 2459 ut
2024 2407 2167 2458 dicit
2227 2406 2404 2459 etiam
2460 2406 2739 2471 magister

272 2485 583 2539 Nicholaus
629 2489 700 2539 de
748 2489 885 2541 Lira
927 2490 987 2541 in
1044 2489 1279 2554 postilla
1325 2504 1430 2542 sua
1477 2490 1693 2542 ibidem
1736 2506 1750 2540 ε
1803 2509 1829 2532 ι·
1856 2489 1923 2541 In
1974 2488 2183 2540 talibus
2230 2489 2503 2540 demones
2548 2487 2739 2540 solent

269 2568 399 2621 dare
449 2584 751 2635 responsa.
794 2595 821 2618 n
857 2572 1159 2630 Ysidorus,
1197 2571 1526 2625 Ethicorum
1578 2572 1727 2623 libro
1771 2571 1822 2632 8,
1861 2585 1985 2634 cap.
2022 2570 2056 2618 9
2098 2585 2113 2620 :
2161 2591 2188 2613 ιι
2235 2571 2448 2622 Amare
2499 2569 2738 2636 sangui-

270 2663 393 2701 nem
435 2653 710 2704 demones
752 2654 1082 2714 creduntur,
1125 2655 1392 2717 ideoque,
1436 2653 1701 2718 quotiens
1736 2652 2125 2718 nigromantia
2188 2652 2271 2712 flt,
2324 2664 2497 2703 cruor
2546 2650 2740 2714 aliqua

269 2733 555 2794 miscetur,
583 2737 647 2786 ut
670 2733 864 2788 colore
889 2736 1189 2803 sanguinis
1211 2736 1439 2788 facilius
1463 2736 1872 2801 prouocentur.
1899 2758 1926 2781 .-

332 2816 522 2880 Sexto,
550 2818 685 2869 dum
712 2833 775 2870 se
795 2818 1091 2884 flagellant
1124 2820 1182 2870 in
1218 2819 1363 2870 toris
1403 2818 1495 2870 uel
1532 2817 1660 2883 aliJs
1695 2816 1837 2869 locis
1871 2817 2136 2882 publicis,
2163 2818 2234 2869 ad
2258 2816 2487 2868 modum
2522 2815 2733 2869 choree

271 2898 533 2964 ordinatj,
572 2900 786 2951 habent
819 2902 1084 2952 cantores
1105 2900 1141 2950 3
1173 2900 1265 2952 vel
1297 2900 1333 2950 4
1366 2901 1438 2951 de
1472 2900 1634 2965 ipsis,
1671 2900 1767 2964 quj
1806 2900 2081 2963 quasdam
2115 2899 2451 2962 cantilenas,
2485 2911 2627 2961 quas
2662 2898 2733 2951 de

272 2982 505 3031 materia
543 2981 716 3033 huius
748 2982 1066 3046 penitentie
1101 2983 1566 3047 composuerunt,
1602 2984 1838 3033 cantant
1868 2994 1974 3046 per
2005 2995 2226 3042 versus,
2262 2982 2386 3032 tota
2416 2993 2732 3046 congrega·

270 3061 421 3113 tione
447 3063 513 3112 ad
538 3076 767 3114 versum
792 3063 1106 3127 quemlibet
1127 3064 1536 3128 respondente.

333 3143 608 3207 Septimo,
647 3145 783 3196 dum
816 3146 1037 3196 faciunt
1069 3159 1230 3197 suam
1268 3145 1668 3210 penitentiam,
1704 3146 1755 3196 si
1789 3143 1999 3197 mulier
2037 3145 2218 3195 intrat
2258 3143 2410 3195 intra
2441 3142 2733 3207 choream,

269 3227 531 3289 reputant
554 3240 716 3278 suam
743 3227 1119 3292 penitentiam
1142 3228 1557 3293 prophanatam
1580 3239 1707 3279 esse
1731 3229 1792 3279 et
1814 3240 1939 3279 eam
1962 3228 2264 3279 resumunt
2287 3240 2322 3277 a
2343 3226 2549 3290 capite.

332 3306 566 3373 Octauo,
592 3309 645 3360 si
667 3310 966 3376 contingat
989 3323 1090 3361 eos
1111 3323 1347 3362 manere
1369 3310 1432 3361 in
1453 3322 1567 3361 vna
1587 3309 1726 3361 villa
1756 3308 2020 3374 pluribus
2056 3309 2277 3369 diebus,
2306 3308 2557 3372 oportet,
2584 3306 2734 3370 quod

272 3389 507 3451 quilibet
560 3392 745 3443 mutet
799 3391 1121 3455 hospicium
1177 3391 1433 3456 qualibet
1489 3391 1604 3449 die,
1663 3405 1778 3442 non
1832 3391 2152 3442 recolentes
2209 3390 2446 3442 verbum
2495 3388 2731 3452 Christi,

272 3467 478 3523 nachot·
523 3469 583 3521 10
606 3486 728 3537 cap.
756 3472 869 3536 (2):
916 3495 940 3515 ··
972 3473 1039 3525 In
1081 3487 1497 3537 quamcumque
1536 3473 1834 3523 ciuitatem
1874 3474 1973 3523 aut
2011 3470 2311 3522 castellum
2351 3469 2730 3531 intraueritis,

274 3551 622 3619 interrogate
657 3555 786 3618 quis
819 3555 879 3605 in
915 3568 984 3607 ea
1018 3556 1225 3622 dignus
1260 3556 1352 3616 sit,
1387 3557 1448 3607 et
1479 3555 1558 3619 ibj
1597 3554 1844 3619 manete,
1882 3553 2063 3604 donec
2100 3552 2348 3615 exeatis3
2377 3575 2402 3597 n
2439 3550 2531 3616 vbj
2569 3550 2735 3617 glosa

276 3633 656 3686 interlinearis
681 3650 696 3686 ε
736 3656 762 3679 ιι
791 3650 905 3688 non
939 3638 1028 3688 est
1061 3637 1454 3689 cursitandum
1488 3650 1593 3700 per
1617 3636 1844 3697 domos;
1871 3659 1898 3681 υ
1925 3638 1985 3688 et
2009 3634 2124 3687 alia
2155 3634 2322 3701 glosa
2352 3632 2688 3699 marginalis
2719 3647 2732 3682 ε

278 3735 303 3755 ·
325 3716 458 3767 ideo
493 3717 694 3769 domus
735 3717 1006 3784 eligenda
1042 3720 1149 3780 est,
1192 3720 1259 3770 ut
1297 3718 1552 3783 mutandj
1597 3718 1836 3782 hospicii
1874 3716 2425 3778 necessitudinisque
2470 3714 2734 3766 violande

276 3809 446 3847 causa
466 3811 573 3849 non
597 3801 882 3864 suppetat.
912 3824 937 3846 n

338 3878 524 3944 Nono,
549 3880 864 3934 salutantes
899 3881 1168 3935 honestas
1201 3895 1479 3946 personas
1514 3894 1629 3932 non
1664 3881 1960 3945 deponunt
1983 3894 2116 3935 suos
2137 3878 2367 3944 pilleos,
2390 3879 2506 3929 imo
2537 3879 2731 3939 etiam,

278 3960 427 4021 quod
462 3962 617 4024 peius
650 3965 760 4029 est,
796 3977 925 4015 cum
959 3977 1167 4029 corpus
1207 3962 1423 4016 Christi
1464 3961 1748 4027 eleuatur,
1786 3977 1922 4014 suos
1955 3961 2162 4027 pilleos
2196 3962 2268 4012 de
2302 3960 2585 4025 capitibus
2620 3973 2733 4010 non

280 4040 580 4105 deponunt.

346 4124 594 4189 Decimo,
618 4140 746 4178 cum
781 4127 914 4178 sunt
944 4127 1007 4178 in
1041 4140 1257 4187 mensa,
1291 4140 1406 4178 non
1438 4128 1681 4193 possunt
1712 4139 1921 4191 panem
1959 4125 2282 4189 comedere,
2318 4124 2430 4175 nisi
2462 4123 2626 4189 panis
2657 4122 2735 4174 sit

285 4206 496 4257 tractus
517 4208 584 4259 ab
607 4208 739 4260 alio.

347 4287 667 4353 vndecimo,
687 4289 971 4342 abluendo
1006 4303 1207 4342 manus
1242 4305 1357 4342 non
1389 4292 1632 4356 possunt
1665 4303 1872 4354 aquam
1902 4289 2146 4340 tundere
2171 4300 2345 4353 super
2366 4300 2589 4344 manus,
2614 4286 2736 4345 sed,

288 4367 437 4433 peluj
467 4370 564 4436 sibj
591 4372 661 4423 ad
682 4374 899 4424 terram
920 4373 1129 4437 posita,
1154 4374 1426 4439 mergunt
1445 4385 1650 4424 manus
1670 4372 1733 4423 in
1757 4384 1984 4436 aquam.

357 4549 431 4612 (Ῑ)
463 4550 492 4600 3
513 4525 721 4617 Renum
747 4553 828 4611 18,
855 4553 937 4606 28.

360 4630 433 4692 (2)
469 4631 727 4688 Matthaei
764 4634 843 4695 ιο,
885 4636 963 4687 11.
