3526 5522
728 591 791 643 14
1755 590 1858 642 AN
1863 589 1964 642 ΝΟ
2005 588 2131 639 1349

723 762 921 826 zende
953 765 1175 843 eenige
1209 763 1478 826 artikels
1511 764 1605 826 uit
1638 764 1749 825 het
1783 763 2157 844 reglement‚
2188 762 2300 824 dat
2331 761 2410 824 de
2441 760 2766 840 Brugsche
2790 760 3160 824 Geeselaars

725 879 852 926 aan
884 861 994 926 het
1025 862 1299 942 kapittel
1334 879 1461 926 van
1493 861 1786 927 Doornik
1817 865 1918 925 ter
1954 862 2390 942 goedkeuring
2414 860 2837 925 overzonden.

758 1047 859 1101 Isti
889 1056 1017 1102 sunt
1047 1047 1277 1102 articuli
1314 1050 1544 1102 extracti
1576 1062 1614 1101 α
1647 1047 1848 1116 reyula
1898 1047 2360 1115 Flayezlatorum.
2406 1063 2577 1116 quam
2611 1045 3013 1116 Flaqellatorcs
3048 1045 3121 1099 de

824 1130 1036 1199 Bruyis
1068 1134 1339 1184 miserunt
1372 1129 1616 1199 capitulo
1658 1129 2012 1195 Tornacensi,
2049 1138 2107 1183 ut
2139 1129 2604 1198 ap[p]robarccur
2636 1145 2830 1183 eorum
2862 1135 3057 1183 status.

795 1274 1010 1335 Primo,
1037 1277 1205 1341 quod,
1233 1280 1467 1344 recepta
1487 1290 1675 1335 cruce,
1703 1290 1819 1328 non
1848 1277 2093 1330 debeant
2113 1277 2374 1341 recipere
2397 1275 2758 1329 elemosinas.

792 1358 959 1425 Item,
987 1359 1199 1412 debent
1220 1360 1432 1413 habere
1456 1361 1702 1425 quatuor
1723 1362 1978 1412 rectores
2005 1372 2106 1413 seu
2130 1360 2454 1426 magistros.

795 1440 960 1501 Item,
990 1442 1199 1495 debent
1220 1441 1391 1494 simul
1415 1443 1635 1495 intrare
1660 1443 1940 1495 civitates.

793 1523 959 1584 Item,
998 1525 1221 1588 quando
1257 1524 1469 1578 habent
1501 1525 1722 1591 aliquas
1759 1538 1957 1578 causas
1993 1538 2095 1577 seu
2136 1524 2466 1582 discordias,
2508 1523 2718 1576 debent
2754 1521 3027 1587 conqueri
3067 1534 3171 1573 suo

734 1607 1033 1676 magistro.

796 1688 961 1749 Item,
988 1688 1242 1754 qualibet
1265 1692 1432 1742 nocte
1466 1690 1767 1742 mutabunt
1791 1690 2066 1755 hospicia.

795 1770 959 1831 Item,
987 1786 1101 1823 non
1123 1771 1429 1836 loquentur
1456 1786 1585 1824 cum
1610 1771 1968 1825 mulieribus.

795 1853 959 1915 Item,
986 1853 1207 1923 nichi[l]
1229 1857 1502 1921 poterunt
1535 1856 1795 1921 recipere
1834 1869 1869 1907 a.
1891 1853 2242 1906 mulieribus.

793 1937 958 1998 Item,
984 1936 1173 1989 nullus
1195 1939 1436 2003 recipiet
1457 1952 1662 2003 aquam
1689 1937 1781 1992 vel
1805 1938 2228 2005 manutergium
2250 1937 2363 1989 nisi
2386 1937 2456 1990 de
2479 1939 2653 1990 terra.

794 2019 960 2079 Item,
987 2034 1101 2072 non
1126 2021 1334 2073 debent
1354 2034 1570 2086 ponere
1594 2035 1771 2087 super
1792 2035 1856 2074 se
1880 2024 2094 2073 vestem
2117 2018 2322 2080 albam,
2347 2033 2459 2085 qua
2481 2023 2719 2073 utuntur
2740 2019 3090 2087 penitentes.

797 2102 959 2162 Item,
988 2104 1245 2155 infirmos
1279 2118 1412 2155 suos
1446 2118 1559 2155 non
1595 2104 1809 2156 debent
1842 2104 2138 2156 dimictere
2171 2103 2230 2154 in
2265 2102 2456 2168 aliqua
2489 2102 2642 2164 villa..
2667 2116 2772 2169 per
2795 2116 2964 2169 quam
2987 2103 3176 2161 ibunt,

740 2185 842 2237 sed
865 2199 1058 2237 secum
1082 2187 1311 2239 ducere.

799 2269 967 2336 Item,
990 2269 1274 2322 homicide
1298 2272 1357 2323 et
1379 2270 1625 2322 adulteri
1653 2269 1822 2322 aliter
1842 2270 2110 2335 jacebunt
2132 2283 2305 2336 super
2328 2269 2544 2323 terram
2568 2283 2737 2334 quam
2761 2269 2878 2323 alii.

803 2351 968 2410 Item,
995 2366 1109 2403 non
1132 2352 1343 2405 debent
1364 2353 1636 2406 reffutare
1660 2352 2021 2405 elemosinas.

804 2434 972 2494 Item,
997 2434 1225 2487 durabit
1245 2436 1578 2487 traternitas
1599 2435 1663 2485 33
1689 2435 1890 2487 diebus
1916 2450 2045 2487 cum
2069 2435 2322 2487 dimidio.

807 2514 973 2581 Item,
997 2518 1453 2584 transgressores
1476 2519 1787 2582 punientur
1807 2531 1914 2584 per
1934 2518 2259 2585 magistros.

802 2600 966 2660 Item,
1001 2600 1063 2650 in
1099 2600 1192 2652 die
1226 2600 1543 2653 Parraceve
1578 2599 1950 2667 flagellabunt
1983 2614 2045 2653 se
2078 2602 2168 2653 ter
2190 2600 2261 2654 de
2286 2600 2378 2653 die
2405 2602 2465 2653 et
2492 2599 2669 2652 semel
2694 2600 2764 2653 de
2788 2600 2972 2662 nocte,
3009 2612 3185 2665 quam

742 2683 839 2736 diu
861 2682 1132 2736 vixerint.

1267 2816 1568 2870 Nationale
1603 2815 1970 2870 Bibliotheek
2004 2818 2060 2870 te
2098 2817 2302 2882 Peme,
2339 2817 2445 2869 Ms.
2480 2819 2554 2869 tr.
2591 2815 2720 2868 2598
2754 2817 2982 2881 (ancien
3011 2814 3185 2881 fonds

1332 2897 1559 2961 colbert,
1619 2898 1731 2952 HS.
1799 2908 1860 2950 nr
1923 2897 2114 2964 82988),
2171 2899 2461 2953 Fransche
2515 2899 2895 2966 voortzetting
2947 2911 3059 2951 van
3115 2899 3185 2950 de

1331 2978 1637 3050 chronique
1682 2982 1778 3034 des
1834 2983 1950 3036 reis
2003 2980 2074 3036 dc
2133 2983 2345 3035 F'rcmce
2396 2996 2508 3050 par
2550 2983 2700 3050 frere
2745 2980 3073 3036 Gaulaume
3116 2978 3187 3033 de

1326 3061 1562 3131 Nanyis,
1600 3063 1698 3115 tol.
1738 3063 1912 3117 56-57.
1936 3091 2005 3104 —
2025 3064 2275 3118 Behalve
2312 3064 2382 3118 de
2415 3064 2726 3117 woorden:
2765 3083 2792 3107 e·
2817 3066 2883 3116 ut
2905 3062 3184 3131 approbas-

1334 3146 1496 3198 retur
1529 3159 1727 3198 eorum
1760 3148 1941 3199 status
1966 3170 1992 3194 η
2029 3161 2101 3200 en
2133 3146 2373 3200 behalve
2405 3147 2505 3199 het
2543 3146 2719 3210 viitde
2752 3144 2979 3202 artikel,
3021 3144 3189 3196 komt

1339 3228 1408 3280 de
1429 3229 1551 3281 rest
1572 3242 1680 3280 van
1716 3229 1800 3282 dit
1833 3230 1968 3282 stuk
2000 3242 2141 3281 voor
2173 3230 2233 3281 in
2268 3229 2368 3282 het
2387 3227 2705 3295 vollediger
2736 3227 3079 3295 reglement,
3104 3226 3189 3278 uit

1333 3309 1616 3364 hetzeltde
1656 3311 1770 3363 Hs.
1794 3339 1861 3351 —
1883 3325 2023 3364 naar
2062 3312 2171 3371 den
2210 3312 2367 3364 tekst
2403 3325 2513 3364 van
2552 3311 2806 3377 Kervyn,
2841 3309 3088 3363 Histoe-e
3121 3309 3190 3360 de

1325 3393 1580 3447 Flandre
1603 3394 1719 3458 (11‘0
1754 3394 1923 3461 uitg.)
1958 3393 2082 3447 deel
2117 3394 2221 3453 111,
2246 3393 2356 3446 blz.
2379 3393 2623 3456 354-355,
2649 3394 2787 3445 noot
2808 3393 2836 3444 1
2858 3418 2927 3433 ·-
2949 3405 3190 3458 everge-

1334 3491 1540 3530 nomen
1590 3477 1651 3528 in
1704 3478 1912 3544 Comus
1957 3476 2034 3538 11,
2079 3475 2186 3529 blz.
2236 3476 2467 3528 111-112.
2513 3475 2611 3529 Zie
2655 3475 2854 3528 echter
2896 3489 3003 3528 een
3047 3487 3191 3539 paar

1334 3560 1641 3612 correcties
1685 3573 1756 3625 op
1804 3559 1935 3611 dien
1978 3559 2133 3611 tekst
2171 3560 2350 3611 onder
2389 3559 2459 3611 de
2495 3558 2916 3628 Verbaereayen
2948 3573 3016 3611 en
3046 3572 3191 3610 acm-

1332 3640 1624 3710 vullinqen
1645 3642 1706 3693 in
1731 3643 1938 3710 Comus
1960 3641 2067 3695 111.

1735 3896 1841 3965 1e
1890 3890 2110 3983 (wrm³
2133 3889 2210 3983 ὁ).

866 4117 1074 4191 1349,
1118 4130 1206 4198 op
1232 4111 1380 4180 vele
1393 4112 1755 4198 plaatsen.
1798 4111 2151 4177 Uittreksel
2187 4113 2284 4176 uit
2316 4114 2393 4176 de
2417 4113 2740 4177 Fransche
2764 4111 3194 4190 voertzetting

752 4231 883 4278 van
919 4215 997 4277 de
1035 4210 1432 4296 Chronique
1465 4211 1587 4280 des
1637 4210 1791 4277 rois
1822 4210 1909 4277 de
1947 4211 2232 4277 France
2263 4229 2388 4275 van
2422 4212 2781 4276 Guillaume
2817 4211 2897 4274 de
2947 4211 3194 4289 Nangis

757 4329 915 4377 over
972 4311 1050 4374 de
1113 4312 1462 4392 gebruiken
1521 4331 1602 4377 en
1660 4312 2256 4393 biJ'geloovigheden
2305 4310 2418 4374 der
2474 4313 2866 4374 GeeselaarS.
2917 4343 3000 4357 —
3047 4310 3198 4372 Niet

757 4412 968 4476 alleen
1000 4411 1246 4474 hebben
1270 4413 1347 4490 zij
1376 4412 1634 4491 talrijke
1669 4412 2081 4492 zonderlinge
2110 4410 2486 4490 gebruiken‚
2525 4428 2709 4473 maar
2746 4410 2824 4488 zij
2862 4409 3196 4472 beweeren

759 4509 893 4575 ook
926 4509 1233 4573 mirakels
1265 4513 1331 4573 te
1363 4511 1625 4574 Runnen
1651 4509 2015 4573 verriehten
2047 4527 2126 4573 en
2153 4511 2230 4573 de
2252 4509 2475 4572 zieken
2507 4527 2633 4572 van
2657 4509 2902 4572 allerlei
2934 4506 3193 4571 kwelen

764 4612 825 4673 te
857 4609 1120 4674 kunnen
1153 4626 1454 4692 genezen,
1496 4610 1767 4691 hetgeen
1801 4611 1963 4674 door
1993 4610 2178 4673 velen
2215 4609 2439 4673 valsch
2469 4608 2797 4674 bevonden
2828 4606 3030 4672 werd.
