<?xml version="1.0" encoding="UTF-8"?>
<!DOCTYPE html PUBLIC "-//W3C//DTD XHTML 1.0 Transitional//EN"
    "http://www.w3.org/TR/xhtml1/DTD/xhtml1-transitional.dtd">
<html xmlns="http://www.w3.org/1999/xhtml" xml:lang="en" lang="en">
 <head>
  <title>
</title>
<meta http-equiv="Content-Type" content="text/html;charset=utf-8" />
  <meta name='ocr-system' content='tesseract 3.04.00' />
  <meta name='ocr-capabilities' content='ocr_page ocr_carea ocr_par ocr_line ocrx_word'/>
</head>
<body>
  <div class='ocr_page' id='page_1' title='image "./corpusdocumento05frgoog_0198.png"; bbox 0 0 3526 5522; ppageno 0'>
   <div class='ocr_carea' id='block_1_1' title="bbox 836 606 2216 665">
    <p class='ocr_par' dir='ltr' id='par_1_1' title="bbox 836 606 2216 665">
     <span class='ocr_line' id='line_1_1' title="bbox 836 606 2216 665; baseline -0.003 -2"><span class='ocrx_word' id='word_1_1' title='bbox 836 613 930 665; x_wconf 76' lang='lat'><strong>142</strong></span> <span class='ocrx_word' id='word_1_2' title='bbox 1842 606 2050 660; x_wconf 87' lang='lat' dir='ltr'>ANNO</span> <span class='ocrx_word' id='word_1_3' title='bbox 2088 606 2216 659; x_wconf 82' lang='lat'>1485</span> 
     </span>
    </p>
   </div>
   <div class='ocr_carea' id='block_1_2' title="bbox 808 773 3264 4136">
    <p class='ocr_par' dir='ltr' id='par_1_2' title="bbox 808 773 3264 4136">
     <span class='ocr_line' id='line_1_2' title="bbox 834 773 3232 841; baseline -0.003 -10"><span class='ocrx_word' id='word_1_4' title='bbox 834 778 1075 831; x_wconf 89' lang='lat' dir='ltr'><strong>aliorum</strong></span> <span class='ocrx_word' id='word_1_5' title='bbox 1094 791 1189 830; x_wconf 89' lang='lat' dir='ltr'><strong>aes</strong></span> <span class='ocrx_word' id='word_1_6' title='bbox 1207 777 1316 829; x_wconf 89' lang='lat' dir='ltr'><strong>sibi</strong></span> <span class='ocrx_word' id='word_1_7' title='bbox 1335 790 1501 841; x_wconf 89' lang='lat' dir='ltr'><strong>posse</strong></span> <span class='ocrx_word' id='word_1_8' title='bbox 1520 775 1647 840; x_wconf 88' lang='lat' dir='ltr'><strong>plus</strong></span> <span class='ocrx_word' id='word_1_9' title='bbox 1664 774 1946 840; x_wconf 83' lang='lat' dir='ltr'><strong>proficere</strong></span> <span class='ocrx_word' id='word_1_10' title='bbox 1961 788 2128 839; x_wconf 91' lang='lat' dir='ltr'><strong>quam</strong></span> <span class='ocrx_word' id='word_1_11' title='bbox 2144 773 2388 839; x_wconf 83' lang='lat' dir='ltr'>principi</span> <span class='ocrx_word' id='word_1_12' title='bbox 2407 774 2706 826; x_wconf 84' lang='lat' dir='ltr'><strong>extraneo.</strong></span> <span class='ocrx_word' id='word_1_13' title='bbox 2719 774 2875 835; x_wconf 83' lang='lat' dir='ltr'><strong>Quae</strong></span> <span class='ocrx_word' id='word_1_14' title='bbox 2895 788 2988 826; x_wconf 75' lang='lat' dir='ltr'><strong>res</strong></span> <span class='ocrx_word' id='word_1_15' title='bbox 3004 775 3068 825; x_wconf 86' lang='lat' dir='ltr'><strong>ad</strong></span> <span class='ocrx_word' id='word_1_16' title='bbox 3084 773 3232 825; x_wconf 85' lang='lat' dir='ltr'><strong>lucem</strong></span> 
     </span>
     <span class='ocr_line' id='line_1_3' title="bbox 834 854 3235 922; baseline -0.003 -9"><span class='ocrx_word' id='word_1_17' title='bbox 834 876 980 920; x_wconf 87' lang='lat' dir='ltr'><strong>cum,</strong></span> <span class='ocrx_word' id='word_1_18' title='bbox 1007 860 1297 913; x_wconf 88' lang='lat' dir='ltr'><strong>erroribus</strong></span> <span class='ocrx_word' id='word_1_19' title='bbox 1331 857 1609 911; x_wconf 91' lang='lat' dir='ltr'><strong>Willelmi</strong></span> <span class='ocrx_word' id='word_1_20' title='bbox 1641 858 1774 922; x_wconf 86' lang='lat' dir='ltr'><strong>Ryn</strong></span> <span class='ocrx_word' id='word_1_21' title='bbox 1810 857 2065 915; x_wconf 88' lang='lat' dir='ltr'><strong>detectis,</strong></span> <span class='ocrx_word' id='word_1_22' title='bbox 2092 856 2464 922; x_wconf 87' lang='lat' dir='ltr'><strong>pervenisset,</strong></span> <span class='ocrx_word' id='word_1_23' title='bbox 2490 854 2685 908; x_wconf 83' lang='lat' dir='ltr'><strong>multis</strong></span> <span class='ocrx_word' id='word_1_24' title='bbox 2716 856 2955 919; x_wconf 82' lang='lat' dir='ltr'><strong>exitium</strong></span> <span class='ocrx_word' id='word_1_25' title='bbox 2986 856 3123 908; x_wconf 79' lang='lat' dir='ltr'><strong>vitae</strong></span> <span class='ocrx_word' id='word_1_26' title='bbox 3150 855 3235 907; x_wconf 80' lang='lat' dir='ltr'><strong>tuit</strong></span> 
     </span>
     <span class='ocr_line' id='line_1_4' title="bbox 835 938 3232 1008; baseline -0.002 -13"><span class='ocrx_word' id='word_1_27' title='bbox 835 942 1180 1008; x_wconf 85' lang='lat' dir='ltr'><strong>temporalis.</strong></span> <span class='ocrx_word' id='word_1_28' title='bbox 1192 942 1261 993; x_wconf 82' lang='lat' dir='ltr'><strong>Et</strong></span> <span class='ocrx_word' id='word_1_29' title='bbox 1283 955 1396 993; x_wconf 91' lang='lat' dir='ltr'><strong>non</strong></span> <span class='ocrx_word' id='word_1_30' title='bbox 1415 940 1558 993; x_wconf 88' lang='lat' dir='ltr'><strong>alios</strong></span> <span class='ocrx_word' id='word_1_31' title='bbox 1576 941 1823 1004; x_wconf 76' lang='lat' dir='ltr'><strong>scriptor</strong></span> <span class='ocrx_word' id='word_1_32' title='bbox 1840 952 2008 1003; x_wconf 90' lang='lat' dir='ltr'><strong>quam</strong></span> <span class='ocrx_word' id='word_1_33' title='bbox 2027 952 2270 998; x_wconf 86' lang='lat' dir='ltr'><strong>errores.</strong></span> <span class='ocrx_word' id='word_1_34' title='bbox 2283 939 2496 990; x_wconf 90' lang='lat' dir='ltr'><strong>dudum</strong></span> <span class='ocrx_word' id='word_1_35' title='bbox 2511 938 2819 991; x_wconf 82' lang='lat' dir='ltr'><strong>seminatos</strong></span> <span class='ocrx_word' id='word_1_36' title='bbox 2835 952 2943 1003; x_wconf 90' lang='lat' dir='ltr'><strong>per</strong></span> <span class='ocrx_word' id='word_1_37' title='bbox 2957 938 2991 991; x_wconf 79' lang='lat' dir='ltr'>J</span> <span class='ocrx_word' id='word_1_38' title='bbox 2995 938 3232 990; x_wconf 80' lang='lat' dir='ltr'><strong>ohannem</strong></span> 
     </span>
     <span class='ocr_line' id='line_1_5' title="bbox 839 1020 3234 1091; baseline -0.001 -17"><span class='ocrx_word' id='word_1_39' title='bbox 839 1024 1084 1091; x_wconf 78' lang='lat' dir='ltr'><strong>Wycleff</strong></span> <span class='ocrx_word' id='word_1_40' title='bbox 1098 1025 1158 1076; x_wconf 92' lang='lat' dir='ltr'><strong>in</strong></span> <span class='ocrx_word' id='word_1_41' title='bbox 1183 1023 1475 1083; x_wconf 86' lang='lat' dir='ltr'><strong>Bohemia‚</strong></span> <span class='ocrx_word' id='word_1_42' title='bbox 1495 1035 1729 1088; x_wconf 76' lang='lat' dir='ltr'><strong>serpere</strong></span> <span class='ocrx_word' id='word_1_43' title='bbox 1748 1022 1969 1074; x_wconf 84' lang='lat' dir='ltr'><strong>viderat</strong></span> <span class='ocrx_word' id='word_1_44' title='bbox 1990 1022 2144 1074; x_wconf 90' lang='lat' dir='ltr'><strong>inter</strong></span> <span class='ocrx_word' id='word_1_45' title='bbox 2162 1022 2436 1086; x_wconf 88' lang='lat' dir='ltr'><strong>quosdam</strong></span> <span class='ocrx_word' id='word_1_46' title='bbox 2456 1021 2526 1073; x_wconf 92' lang='lat' dir='ltr'><strong>de</strong></span> <span class='ocrx_word' id='word_1_47' title='bbox 2545 1020 2833 1079; x_wconf 84' lang='lat' dir='ltr'><strong>Flandria,</strong></span> <span class='ocrx_word' id='word_1_48' title='bbox 2857 1021 2958 1085; x_wconf 88' lang='lat' dir='ltr'><strong>qui</strong></span> <span class='ocrx_word' id='word_1_49' title='bbox 2976 1034 3075 1073; x_wconf 89' lang='lat' dir='ltr'><strong>nec</strong></span> <span class='ocrx_word' id='word_1_50' title='bbox 3089 1021 3234 1073; x_wconf 88' lang='lat' dir='ltr'><strong>Deum</strong></span> 
     </span>
     <span class='ocr_line' id='line_1_6' title="bbox 836 1102 3234 1168; baseline -0.003 -10"><span class='ocrx_word' id='word_1_51' title='bbox 836 1121 940 1158; x_wconf 89' lang='lat' dir='ltr'><strong>nec</strong></span> <span class='ocrx_word' id='word_1_52' title='bbox 976 1106 1233 1158; x_wconf 91' lang='lat' dir='ltr'><strong>homines</strong></span> <span class='ocrx_word' id='word_1_53' title='bbox 1275 1105 1530 1158; x_wconf 82' lang='lat' dir='ltr'><strong>revereri</strong></span> <span class='ocrx_word' id='word_1_54' title='bbox 1570 1104 1912 1163; x_wconf 85' lang='lat' dir='ltr'><strong>statuerunt,</strong></span> <span class='ocrx_word' id='word_1_55' title='bbox 1959 1104 2062 1156; x_wconf 88' lang='lat' dir='ltr'><strong>sed</strong></span> <span class='ocrx_word' id='word_1_56' title='bbox 2102 1106 2166 1155; x_wconf 91' lang='lat' dir='ltr'><strong>ut</strong></span> <span class='ocrx_word' id='word_1_57' title='bbox 2205 1104 2445 1168; x_wconf 88' lang='lat' dir='ltr'><strong>quisque</strong></span> <span class='ocrx_word' id='word_1_58' title='bbox 2496 1102 2605 1155; x_wconf 89' lang='lat' dir='ltr'><strong>sibi</strong></span> <span class='ocrx_word' id='word_1_59' title='bbox 2666 1104 2926 1155; x_wconf 74' lang='lat' dir='ltr'><strong>futurum</strong></span> <span class='ocrx_word' id='word_1_60' title='bbox 2970 1102 3234 1168; x_wconf 79' lang='lat' dir='ltr'><strong>expediens</strong></span> 
     </span>
     <span class='ocr_line' id='line_1_7' title="bbox 837 1185 3236 1254; baseline -0.002 -14"><span class='ocrx_word' id='word_1_61' title='bbox 837 1190 1185 1254; x_wconf 79' lang='lat' dir='ltr'><strong>opinaretur,</strong></span> <span class='ocrx_word' id='word_1_62' title='bbox 1212 1188 1271 1239; x_wconf 91' lang='lat' dir='ltr'><strong>id</strong></span> <span class='ocrx_word' id='word_1_63' title='bbox 1309 1188 1518 1239; x_wconf 90' lang='lat' dir='ltr'><strong>bonum</strong></span> <span class='ocrx_word' id='word_1_64' title='bbox 1542 1201 1712 1239; x_wconf 88' lang='lat' dir='ltr'><strong>ausus</strong></span> <span class='ocrx_word' id='word_1_65' title='bbox 1754 1190 1844 1239; x_wconf 91' lang='lat' dir='ltr'><strong>est</strong></span> <span class='ocrx_word' id='word_1_66' title='bbox 1870 1186 2148 1252; x_wconf 86' lang='lat' dir='ltr'><strong>judicare.</strong></span> <span class='ocrx_word' id='word_1_67' title='bbox 2186 1185 2330 1237; x_wconf 89' lang='lat' dir='ltr'><strong>Tum</strong></span> <span class='ocrx_word' id='word_1_68' title='bbox 2364 1185 2611 1250; x_wconf 90' lang='lat' dir='ltr'><strong>primum</strong></span> <span class='ocrx_word' id='word_1_69' title='bbox 2645 1186 2716 1238; x_wconf 92' lang='lat' dir='ltr'><strong>de</strong></span> <span class='ocrx_word' id='word_1_70' title='bbox 2749 1186 3111 1237; x_wconf 77' lang='lat' dir='ltr'><strong>sacramentis</strong></span> <span class='ocrx_word' id='word_1_71' title='bbox 3137 1198 3236 1236; x_wconf 89' lang='lat' dir='ltr'><strong>cum</strong></span> 
     </span>
     <span class='ocr_line' id='line_1_8' title="bbox 838 1267 3235 1333; baseline -0.002 -10"><span class='ocrx_word' id='word_1_72' title='bbox 838 1271 1086 1323; x_wconf 89' lang='lat' dir='ltr'><strong>Hussitis</strong></span> <span class='ocrx_word' id='word_1_73' title='bbox 1107 1270 1361 1322; x_wconf 91' lang='lat' dir='ltr'><strong>creditur</strong></span> <span class='ocrx_word' id='word_1_74' title='bbox 1379 1269 1695 1321; x_wconf 90' lang='lat' dir='ltr'><strong>substantia</strong></span> <span class='ocrx_word' id='word_1_75' title='bbox 1715 1269 1879 1333; x_wconf 87' lang='lat' dir='ltr'><strong>panis</strong></span> <span class='ocrx_word' id='word_1_76' title='bbox 1903 1271 1963 1321; x_wconf 93' lang='lat' dir='ltr'><strong>et</strong></span> <span class='ocrx_word' id='word_1_77' title='bbox 1995 1268 2113 1320; x_wconf 85' lang='lat' dir='ltr'><strong>vini</strong></span> <span class='ocrx_word' id='word_1_78' title='bbox 2136 1267 2511 1321; x_wconf 79' lang='lat' dir='ltr'><strong>materialiter</strong></span> <span class='ocrx_word' id='word_1_79' title='bbox 2533 1267 2594 1319; x_wconf 91' lang='lat' dir='ltr'><strong>in</strong></span> <span class='ocrx_word' id='word_1_80' title='bbox 2620 1270 2979 1320; x_wconf 85' lang='lat' dir='ltr'><strong>sacramento</strong></span> <span class='ocrx_word' id='word_1_81' title='bbox 2998 1269 3117 1333; x_wconf 86' lang='lat' dir='ltr'><strong>post</strong></span> <span class='ocrx_word' id='word_1_82' title='bbox 3129 1281 3235 1319; x_wconf 89' lang='lat' dir='ltr'><strong>con·</strong></span> 
     </span>
     <span class='ocr_line' id='line_1_9' title="bbox 837 1349 3241 1416; baseline -0.002 -11"><span class='ocrx_word' id='word_1_83' title='bbox 837 1354 1216 1406; x_wconf 71' lang='lat' dir='ltr'><strong>sacrationem</strong></span> <span class='ocrx_word' id='word_1_84' title='bbox 1239 1365 1554 1411; x_wconf 87' lang='lat' dir='ltr'><strong>remanere,</strong></span> <span class='ocrx_word' id='word_1_85' title='bbox 1569 1365 1753 1415; x_wconf 89' lang='lat' dir='ltr'><strong>neque</strong></span> <span class='ocrx_word' id='word_1_86' title='bbox 1763 1351 2049 1403; x_wconf 87' lang='lat' dir='ltr'><strong>Christum</strong></span> <span class='ocrx_word' id='word_1_87' title='bbox 2068 1350 2304 1403; x_wconf 85' lang='lat' dir='ltr'><strong>realiter</strong></span> <span class='ocrx_word' id='word_1_88' title='bbox 2322 1363 2619 1402; x_wconf 88' lang='lat' dir='ltr'><strong>remanere</strong></span> <span class='ocrx_word' id='word_1_89' title='bbox 2636 1351 2973 1415; x_wconf 87' lang='lat' dir='ltr'><strong>praesentia</strong></span> <span class='ocrx_word' id='word_1_90' title='bbox 2984 1349 3241 1416; x_wconf 78' lang='lat' dir='ltr'><strong>corporali,</strong></span> 
     </span>
     <span class='ocr_line' id='line_1_10' title="bbox 832 1432 3241 1501; baseline -0.002 -14"><span class='ocrx_word' id='word_1_91' title='bbox 832 1437 983 1501; x_wconf 90' lang='lat' dir='ltr'><strong>quod</strong></span> <span class='ocrx_word' id='word_1_92' title='bbox 1008 1449 1153 1500; x_wconf 88' lang='lat' dir='ltr'><strong>aqua</strong></span> <span class='ocrx_word' id='word_1_93' title='bbox 1174 1435 1305 1485; x_wconf 85' lang='lat' dir='ltr'><strong>vino</strong></span> <span class='ocrx_word' id='word_1_94' title='bbox 1341 1448 1451 1485; x_wconf 91' lang='lat' dir='ltr'><strong>non</strong></span> <span class='ocrx_word' id='word_1_95' title='bbox 1485 1435 1562 1486; x_wconf 91' lang='lat' dir='ltr'><strong>sit</strong></span> <span class='ocrx_word' id='word_1_96' title='bbox 1596 1433 2015 1486; x_wconf 89' lang='lat' dir='ltr'><strong>commiscenda</strong></span> <span class='ocrx_word' id='word_1_97' title='bbox 2053 1434 2363 1485; x_wconf 90' lang='lat' dir='ltr'><strong>secundum</strong></span> <span class='ocrx_word' id='word_1_98' title='bbox 2397 1432 2678 1485; x_wconf 86' lang='lat' dir='ltr'><strong>Hussitas.</strong></span> <span class='ocrx_word' id='word_1_99' title='bbox 2718 1432 2930 1485; x_wconf 88' lang='lat' dir='ltr'><strong>Petrus</strong></span> <span class='ocrx_word' id='word_1_100' title='bbox 2966 1433 3035 1485; x_wconf 89' lang='lat' dir='ltr'><strong>de</strong></span> <span class='ocrx_word' id='word_1_101' title='bbox 3058 1433 3241 1493; x_wconf 87' lang='lat' dir='ltr'><strong>Quercu</strong></span> 
     </span>
     <span class='ocr_line' id='line_1_11' title="bbox 834 1514 3245 1584; baseline -0.001 -15"><span class='ocrx_word' id='word_1_102' title='bbox 834 1531 1036 1584; x_wconf 88' lang='lat' dir='ltr'><strong>parum</strong></span> <span class='ocrx_word' id='word_1_103' title='bbox 1077 1530 1283 1568; x_wconf 85' lang='lat' dir='ltr'><strong>curans</strong></span> <span class='ocrx_word' id='word_1_104' title='bbox 1323 1516 1467 1568; x_wconf 81' lang='lat' dir='ltr'><strong>dixit</strong></span> <span class='ocrx_word' id='word_1_105' title='bbox 1505 1516 1831 1568; x_wconf 77' lang='lat' dir='ltr'><strong>sacerdotes</strong></span> <span class='ocrx_word' id='word_1_106' title='bbox 1871 1516 2175 1568; x_wconf 86' lang='lat' dir='ltr'><strong>modernos</strong></span> <span class='ocrx_word' id='word_1_107' title='bbox 2216 1514 2543 1581; x_wconf 83' lang='lat' dir='ltr'><strong>paschalem</strong></span> <span class='ocrx_word' id='word_1_108' title='bbox 2591 1529 2800 1581; x_wconf 89' lang='lat' dir='ltr'><strong>agnum</strong></span> <span class='ocrx_word' id='word_1_109' title='bbox 2843 1530 2958 1566; x_wconf 90' lang='lat' dir='ltr'><strong>non</strong></span> <span class='ocrx_word' id='word_1_110' title='bbox 2999 1530 3117 1566; x_wconf 88' lang='lat' dir='ltr'><strong>cum</strong></span> <span class='ocrx_word' id='word_1_111' title='bbox 3149 1529 3245 1565; x_wconf 79' lang='lat' dir='ltr'><strong>san·</strong></span> 
     </span>
     <span class='ocr_line' id='line_1_12' title="bbox 836 1596 3243 1667; baseline -0.002 -15"><span class='ocrx_word' id='word_1_112' title='bbox 836 1600 1008 1667; x_wconf 87' lang='lat' dir='ltr'><strong>guine</strong></span> <span class='ocrx_word' id='word_1_113' title='bbox 1049 1599 1391 1662; x_wconf 77' lang='lat' dir='ltr'><strong>dilacerare3</strong></span> <span class='ocrx_word' id='word_1_114' title='bbox 1439 1599 1590 1662; x_wconf 88' lang='lat' dir='ltr'><strong>quod</strong></span> <span class='ocrx_word' id='word_1_115' title='bbox 1626 1599 1818 1651; x_wconf 82' lang='lat' dir='ltr'><strong>autem</strong></span> <span class='ocrx_word' id='word_1_116' title='bbox 1856 1597 2211 1650; x_wconf 86' lang='lat' dir='ltr'><strong>intellexerit</strong></span> <span class='ocrx_word' id='word_1_117' title='bbox 2241 1611 2346 1663; x_wconf 89' lang='lat' dir='ltr'><strong>per</strong></span> <span class='ocrx_word' id='word_1_118' title='bbox 2386 1597 2513 1662; x_wconf 91' lang='lat' dir='ltr'><strong>hoc,</strong></span> <span class='ocrx_word' id='word_1_119' title='bbox 2553 1597 2792 1649; x_wconf 87' lang='lat' dir='ltr'><strong>necdum</strong></span> <span class='ocrx_word' id='word_1_120' title='bbox 2839 1596 3009 1661; x_wconf 87' lang='lat' dir='ltr'><strong>plane</strong></span> <span class='ocrx_word' id='word_1_121' title='bbox 3042 1598 3243 1661; x_wconf 80' lang='lat' dir='ltr'><strong>scriptor</strong></span> 
     </span>
     <span class='ocr_line' id='line_1_13' title="bbox 839 1680 3244 1748; baseline -0.002 -13"><span class='ocrx_word' id='word_1_122' title='bbox 839 1683 1098 1748; x_wconf 88' lang='lat' dir='ltr'><strong>accipere</strong></span> <span class='ocrx_word' id='word_1_123' title='bbox 1114 1682 1319 1746; x_wconf 91' lang='lat' dir='ltr'><strong>potuit.</strong></span> <span class='ocrx_word' id='word_1_124' title='bbox 1344 1680 1452 1733; x_wconf 89' lang='lat' dir='ltr'><strong>Sed</strong></span> <span class='ocrx_word' id='word_1_125' title='bbox 1477 1681 1776 1733; x_wconf 84' lang='lat' dir='ltr'><strong>videbatur</strong></span> <span class='ocrx_word' id='word_1_126' title='bbox 1792 1681 1979 1733; x_wconf 88' lang='lat' dir='ltr'><strong>eidem</strong></span> <span class='ocrx_word' id='word_1_127' title='bbox 2002 1681 2293 1733; x_wconf 85' lang='lat' dir='ltr'><strong>modernis</strong></span> <span class='ocrx_word' id='word_1_128' title='bbox 2313 1680 2511 1732; x_wconf 87' lang='lat' dir='ltr'><strong>diebus</strong></span> <span class='ocrx_word' id='word_1_129' title='bbox 2530 1693 2730 1744; x_wconf 90' lang='lat' dir='ltr'><strong>parum</strong></span> <span class='ocrx_word' id='word_1_130' title='bbox 2753 1680 3097 1745; x_wconf 85' lang='lat' dir='ltr'><strong>disceptasse</strong></span> <span class='ocrx_word' id='word_1_131' title='bbox 3114 1692 3244 1743; x_wconf 84' lang='lat' dir='ltr'><strong>quos·</strong></span> 
     </span>
     <span class='ocr_line' id='line_1_14' title="bbox 840 1762 3248 1827; baseline -0.002 -11"><span class='ocrx_word' id='word_1_132' title='bbox 840 1766 969 1817; x_wconf 88' lang='lat' dir='ltr'><strong>dam</strong></span> <span class='ocrx_word' id='word_1_133' title='bbox 992 1764 1061 1817; x_wconf 92' lang='lat' dir='ltr'><strong>ab</strong></span> <span class='ocrx_word' id='word_1_134' title='bbox 1096 1762 1428 1816; x_wconf 86' lang='lat' dir='ltr'><strong>haeresibus</strong></span> <span class='ocrx_word' id='word_1_135' title='bbox 1446 1762 1850 1822; x_wconf 85' lang='lat' dir='ltr'><strong>Bohemorum‚</strong></span> <span class='ocrx_word' id='word_1_136' title='bbox 1872 1763 1970 1827; x_wconf 92' lang='lat' dir='ltr'><strong>qui</strong></span> <span class='ocrx_word' id='word_1_137' title='bbox 1993 1765 2409 1815; x_wconf 86' lang='lat' dir='ltr'><strong>sacramentum</strong></span> <span class='ocrx_word' id='word_1_138' title='bbox 2441 1762 2728 1815; x_wconf 89' lang='lat' dir='ltr'><strong>unctionis</strong></span> <span class='ocrx_word' id='word_1_139' title='bbox 2754 1775 2956 1815; x_wconf 88' lang='lat' dir='ltr'><strong>sacrae</strong></span> <span class='ocrx_word' id='word_1_140' title='bbox 2978 1764 3248 1827; x_wconf 80' lang='lat' dir='ltr'><strong>posuerunt</strong></span> 
     </span>
     <span class='ocr_line' id='line_1_15' title="bbox 841 1843 3250 1912; baseline -0.002 -12"><span class='ocrx_word' id='word_1_141' title='bbox 841 1861 968 1900; x_wconf 84' lang='lat' dir='ltr'><strong>esse</strong></span> <span class='ocrx_word' id='word_1_142' title='bbox 992 1859 1403 1912; x_wconf 84' lang='lat' dir='ltr'><strong>supervacuum</strong></span> <span class='ocrx_word' id='word_1_143' title='bbox 1427 1846 1486 1897; x_wconf 91' lang='lat' dir='ltr'><strong>in</strong></span> <span class='ocrx_word' id='word_1_144' title='bbox 1510 1845 1642 1904; x_wconf 89' lang='lat' dir='ltr'><strong>hiis,</strong></span> <span class='ocrx_word' id='word_1_145' title='bbox 1668 1846 1766 1909; x_wconf 89' lang='lat' dir='ltr'><strong>qui</strong></span> <span class='ocrx_word' id='word_1_146' title='bbox 1796 1844 2064 1910; x_wconf 89' lang='lat' dir='ltr'><strong>baptizati</strong></span> <span class='ocrx_word' id='word_1_147' title='bbox 2089 1847 2223 1897; x_wconf 89' lang='lat' dir='ltr'><strong>sunt</strong></span> <span class='ocrx_word' id='word_1_148' title='bbox 2246 1843 2444 1897; x_wconf 91' lang='lat' dir='ltr'><strong>semel.</strong></span> <span class='ocrx_word' id='word_1_149' title='bbox 2469 1844 2617 1897; x_wconf 90' lang='lat' dir='ltr'><strong>Item</strong></span> <span class='ocrx_word' id='word_1_150' title='bbox 2645 1845 2694 1895; x_wconf 92' lang='lat' dir='ltr'><strong>si</strong></span> <span class='ocrx_word' id='word_1_151' title='bbox 2724 1843 2895 1896; x_wconf 91' lang='lat' dir='ltr'><strong>homo</strong></span> <span class='ocrx_word' id='word_1_152' title='bbox 2938 1846 3009 1896; x_wconf 90' lang='lat' dir='ltr'><strong>de</strong></span> <span class='ocrx_word' id='word_1_153' title='bbox 3047 1844 3250 1910; x_wconf 81' lang='lat' dir='ltr'><strong>peccatis</strong></span> 
     </span>
     <span class='ocr_line' id='line_1_16' title="bbox 839 1925 3251 1992; baseline -0.003 -10"><span class='ocrx_word' id='word_1_154' title='bbox 839 1930 958 1982; x_wconf 87' lang='lat' dir='ltr'><strong>suis</strong></span> <span class='ocrx_word' id='word_1_155' title='bbox 975 1928 1151 1981; x_wconf 77' lang='lat' dir='ltr'><strong>tuerit</strong></span> <span class='ocrx_word' id='word_1_156' title='bbox 1168 1928 1341 1980; x_wconf 89' lang='lat' dir='ltr'><strong>corde</strong></span> <span class='ocrx_word' id='word_1_157' title='bbox 1359 1928 1659 1990; x_wconf 89' lang='lat' dir='ltr'><strong>contritus,</strong></span> <span class='ocrx_word' id='word_1_158' title='bbox 1687 1927 1972 1980; x_wconf 70' lang='lat' dir='ltr'><strong>confessio</strong></span> <span class='ocrx_word' id='word_1_159' title='bbox 1991 1928 2108 1979; x_wconf 90' lang='lat' dir='ltr'><strong>oris</strong></span> <span class='ocrx_word' id='word_1_160' title='bbox 2140 1928 2394 1981; x_wconf 83' lang='lat' dir='ltr'><strong>exterior</strong></span> <span class='ocrx_word' id='word_1_161' title='bbox 2408 1929 2497 1979; x_wconf 88' lang='lat' dir='ltr'><strong>est</strong></span> <span class='ocrx_word' id='word_1_162' title='bbox 2524 1926 2769 1978; x_wconf 90' lang='lat' dir='ltr'><strong>inutilis.</strong></span> <span class='ocrx_word' id='word_1_163' title='bbox 2799 1927 3117 1992; x_wconf 82' lang='lat' dir='ltr'><strong>Propterea</strong></span> <span class='ocrx_word' id='word_1_164' title='bbox 3130 1925 3251 1978; x_wconf 87' lang='lat' dir='ltr'><strong>deni·</strong></span> 
     </span>
     <span class='ocr_line' id='line_1_17' title="bbox 842 2008 3253 2077; baseline -0.003 -13"><span class='ocrx_word' id='word_1_165' title='bbox 842 2025 953 2077; x_wconf 90' lang='lat' dir='ltr'><strong>que</strong></span> <span class='ocrx_word' id='word_1_166' title='bbox 978 2010 1224 2075; x_wconf 89' lang='lat' dir='ltr'><strong>scriptor</strong></span> <span class='ocrx_word' id='word_1_167' title='bbox 1248 2010 1353 2061; x_wconf 92' lang='lat' dir='ltr'><strong>hos</strong></span> <span class='ocrx_word' id='word_1_168' title='bbox 1371 2008 1642 2062; x_wconf 84' lang='lat' dir='ltr'><strong>articulos</strong></span> <span class='ocrx_word' id='word_1_169' title='bbox 1664 2010 1858 2075; x_wconf 80' lang='lat' dir='ltr'><strong>posuit</strong></span> <span class='ocrx_word' id='word_1_170' title='bbox 1891 2012 1990 2061; x_wconf 87' lang='lat' dir='ltr'><strong>aut</strong></span> <span class='ocrx_word' id='word_1_171' title='bbox 2012 2010 2110 2074; x_wconf 92' lang='lat' dir='ltr'><strong>qui</strong></span> <span class='ocrx_word' id='word_1_172' title='bbox 2132 2011 2467 2073; x_wconf 88' lang='lat' dir='ltr'><strong>sequuntur,</strong></span> <span class='ocrx_word' id='word_1_173' title='bbox 2487 2011 2570 2074; x_wconf 91' lang='lat' dir='ltr'><strong>ut,</strong></span> <span class='ocrx_word' id='word_1_174' title='bbox 2596 2010 2645 2060; x_wconf 88' lang='lat' dir='ltr'><strong>si</strong></span> <span class='ocrx_word' id='word_1_175' title='bbox 2673 2010 2750 2060; x_wconf 90' lang='lat' dir='ltr'><strong>sit</strong></span> <span class='ocrx_word' id='word_1_176' title='bbox 2771 2010 2832 2061; x_wconf 90' lang='lat' dir='ltr'><strong>in</strong></span> <span class='ocrx_word' id='word_1_177' title='bbox 2862 2009 2979 2061; x_wconf 89' lang='lat' dir='ltr'><strong>hiis</strong></span> <span class='ocrx_word' id='word_1_178' title='bbox 3003 2022 3181 2062; x_wconf 90' lang='lat' dir='ltr'><strong>eorum</strong></span> <span class='ocrx_word' id='word_1_179' title='bbox 3200 2008 3253 2058; x_wconf 84' lang='lat' dir='ltr'><strong>de</strong></span> 
     </span>
     <span class='ocr_line' id='line_1_18' title="bbox 845 2091 3251 2157; baseline -0.003 -11"><span class='ocrx_word' id='word_1_180' title='bbox 845 2093 1115 2147; x_wconf 85' lang='lat' dir='ltr'><strong>Flandria</strong></span> <span class='ocrx_word' id='word_1_181' title='bbox 1148 2092 1446 2157; x_wconf 90' lang='lat' dir='ltr'><strong>quisquam</strong></span> <span class='ocrx_word' id='word_1_182' title='bbox 1498 2093 1773 2143; x_wconf 89' lang='lat' dir='ltr'><strong>oriundus</strong></span> <span class='ocrx_word' id='word_1_183' title='bbox 1822 2092 2112 2144; x_wconf 85' lang='lat' dir='ltr'><strong>confidens</strong></span> <span class='ocrx_word' id='word_1_184' title='bbox 2167 2106 2295 2143; x_wconf 92' lang='lat' dir='ltr'><strong>cum</strong></span> <span class='ocrx_word' id='word_1_185' title='bbox 2334 2091 2504 2157; x_wconf 90' lang='lat' dir='ltr'><strong>plena</strong></span> <span class='ocrx_word' id='word_1_186' title='bbox 2547 2093 2680 2151; x_wconf 84' lang='lat' dir='ltr'><strong>fide,</strong></span> <span class='ocrx_word' id='word_1_187' title='bbox 2724 2092 2973 2156; x_wconf 78' lang='lat' dir='ltr'><strong>praefati</strong></span> <span class='ocrx_word' id='word_1_188' title='bbox 3013 2092 3251 2157; x_wconf 81' lang='lat' dir='ltr'><strong>conjurati</strong></span> 
     </span>
     <span class='ocr_line' id='line_1_19' title="bbox 843 2173 3251 2242; baseline -0.002 -14"><span class='ocrx_word' id='word_1_189' title='bbox 843 2178 904 2228; x_wconf 89' lang='lat' dir='ltr'><strong>in</strong></span> <span class='ocrx_word' id='word_1_190' title='bbox 924 2174 1285 2227; x_wconf 79' lang='lat' dir='ltr'><strong>archiducem</strong></span> <span class='ocrx_word' id='word_1_191' title='bbox 1315 2174 1650 2242; x_wconf 82' lang='lat' dir='ltr'><strong>sanguinem</strong></span> <span class='ocrx_word' id='word_1_192' title='bbox 1676 2189 1840 2226; x_wconf 90' lang='lat' dir='ltr'><strong>suum</strong></span> <span class='ocrx_word' id='word_1_193' title='bbox 1870 2175 2113 2226; x_wconf 80' lang='lat' dir='ltr'><strong>fundere</strong></span> <span class='ocrx_word' id='word_1_194' title='bbox 2144 2173 2452 2226; x_wconf 86' lang='lat' dir='ltr'><strong>maluerint</strong></span> <span class='ocrx_word' id='word_1_195' title='bbox 2484 2188 2652 2239; x_wconf 88' lang='lat' dir='ltr'><strong>quam</strong></span> <span class='ocrx_word' id='word_1_196' title='bbox 2677 2187 2882 2241; x_wconf 90' lang='lat' dir='ltr'><strong>rogum</strong></span> <span class='ocrx_word' id='word_1_197' title='bbox 2904 2174 3127 2241; x_wconf 80' lang='lat' dir='ltr'><strong>ingredi</strong></span> <span class='ocrx_word' id='word_1_198' title='bbox 3152 2186 3251 2224; x_wconf 90' lang='lat' dir='ltr'><strong>cum</strong></span> 
     </span>
     <span class='ocr_line' id='line_1_20' title="bbox 842 2256 3252 2322; baseline -0.002 -11"><span class='ocrx_word' id='word_1_199' title='bbox 842 2257 1158 2319; x_wconf 82' lang='lat' dir='ltr'><strong>Jeronimo,</strong></span> <span class='ocrx_word' id='word_1_200' title='bbox 1180 2256 1456 2321; x_wconf 84' lang='lat' dir='ltr'><strong>discipulo</strong></span> <span class='ocrx_word' id='word_1_201' title='bbox 1479 2256 1748 2322; x_wconf 80' lang='lat' dir='ltr'><strong>Wycleff;</strong></span> <span class='ocrx_word' id='word_1_202' title='bbox 1776 2258 1877 2309; x_wconf 89' lang='lat' dir='ltr'><strong>sed</strong></span> <span class='ocrx_word' id='word_1_203' title='bbox 1900 2257 2112 2309; x_wconf 91' lang='lat' dir='ltr'><strong>idcirco</strong></span> <span class='ocrx_word' id='word_1_204' title='bbox 2134 2256 2329 2321; x_wconf 84' lang='lat' dir='ltr'><strong>posuit</strong></span> <span class='ocrx_word' id='word_1_205' title='bbox 2354 2271 2473 2317; x_wconf 86' lang='lat' dir='ltr'><strong>eos,</strong></span> <span class='ocrx_word' id='word_1_206' title='bbox 2493 2258 2576 2316; x_wconf 88' lang='lat' dir='ltr'><strong>ut,</strong></span> <span class='ocrx_word' id='word_1_207' title='bbox 2597 2257 2666 2308; x_wconf 89' lang='lat' dir='ltr'><strong>ad</strong></span> <span class='ocrx_word' id='word_1_208' title='bbox 2686 2257 2867 2309; x_wconf 88' lang='lat' dir='ltr'><strong>instar</strong></span> <span class='ocrx_word' id='word_1_209' title='bbox 2885 2257 3252 2315; x_wconf 84' lang='lat' dir='ltr'><strong>Bohcmorum.</strong></span> 
     </span>
     <span class='ocr_line' id='line_1_21' title="bbox 843 2338 3252 2404; baseline -0.002 -12"><span class='ocrx_word' id='word_1_210' title='bbox 843 2341 997 2393; x_wconf 90' lang='lat' dir='ltr'><strong>inter</strong></span> <span class='ocrx_word' id='word_1_211' title='bbox 1007 2339 1256 2391; x_wconf 87' lang='lat' dir='ltr'><strong>viventes</strong></span> <span class='ocrx_word' id='word_1_212' title='bbox 1275 2339 1473 2391; x_wconf 89' lang='lat' dir='ltr'><strong>diebus</strong></span> <span class='ocrx_word' id='word_1_213' title='bbox 1495 2339 1612 2390; x_wconf 89' lang='lat' dir='ltr'><strong>suis</strong></span> <span class='ocrx_word' id='word_1_214' title='bbox 1634 2339 2016 2403; x_wconf 87' lang='lat' dir='ltr'><strong>reperiantur,</strong></span> <span class='ocrx_word' id='word_1_215' title='bbox 2030 2340 2128 2404; x_wconf 91' lang='lat' dir='ltr'><strong>qui</strong></span> <span class='ocrx_word' id='word_1_216' title='bbox 2149 2339 2322 2392; x_wconf 91' lang='lat' dir='ltr'><strong>corde</strong></span> <span class='ocrx_word' id='word_1_217' title='bbox 2345 2338 2554 2392; x_wconf 88' lang='lat' dir='ltr'><strong>talibus</strong></span> <span class='ocrx_word' id='word_1_218' title='bbox 2575 2339 2961 2399; x_wconf 87' lang='lat' dir='ltr'><strong>adhaeserint,</strong></span> <span class='ocrx_word' id='word_1_219' title='bbox 2974 2338 3252 2392; x_wconf 82' lang='lat' dir='ltr'><strong>dicentibus</strong></span> 
     </span>
     <span class='ocr_line' id='line_1_22' title="bbox 849 2421 3256 2486; baseline -0.001 -10"><span class='ocrx_word' id='word_1_220' title='bbox 849 2422 1036 2476; x_wconf 84' lang='lat' dir='ltr'><strong>nullos</strong></span> <span class='ocrx_word' id='word_1_221' title='bbox 1057 2422 1204 2474; x_wconf 88' lang='lat' dir='ltr'><strong>ritus</strong></span> <span class='ocrx_word' id='word_1_222' title='bbox 1230 2422 1611 2473; x_wconf 88' lang='lat' dir='ltr'><strong>observandos</strong></span> <span class='ocrx_word' id='word_1_223' title='bbox 1638 2422 1791 2473; x_wconf 87' lang='lat' dir='ltr'><strong>circa</strong></span> <span class='ocrx_word' id='word_1_224' title='bbox 1822 2423 2176 2474; x_wconf 88' lang='lat' dir='ltr'><strong>sacramenta</strong></span> <span class='ocrx_word' id='word_1_225' title='bbox 2198 2421 2496 2483; x_wconf 88' lang='lat' dir='ltr'><strong>ecclesiae,</strong></span> <span class='ocrx_word' id='word_1_226' title='bbox 2523 2423 2639 2474; x_wconf 89' lang='lat' dir='ltr'><strong>tam</strong></span> <span class='ocrx_word' id='word_1_227' title='bbox 2673 2421 2735 2473; x_wconf 89' lang='lat' dir='ltr'><strong>in</strong></span> <span class='ocrx_word' id='word_1_228' title='bbox 2776 2422 3031 2474; x_wconf 83' lang='lat' dir='ltr'><strong>vestibus</strong></span> <span class='ocrx_word' id='word_1_229' title='bbox 3053 2422 3110 2474; x_wconf 89' lang='lat' dir='ltr'><strong>et</strong></span> <span class='ocrx_word' id='word_1_230' title='bbox 3126 2433 3256 2486; x_wconf 76' lang='lat' dir='ltr'><strong>para·</strong></span> 
     </span>
     <span class='ocr_line' id='line_1_23' title="bbox 848 2503 3251 2569; baseline -0.003 -10"><span class='ocrx_word' id='word_1_231' title='bbox 848 2506 1055 2559; x_wconf 86' lang='lat' dir='ltr'><strong>mentis</strong></span> <span class='ocrx_word' id='word_1_232' title='bbox 1089 2503 1266 2557; x_wconf 89' lang='lat' dir='ltr'><strong>sacris</strong></span> <span class='ocrx_word' id='word_1_233' title='bbox 1301 2517 1468 2568; x_wconf 86' lang='lat' dir='ltr'><strong>quam</strong></span> <span class='ocrx_word' id='word_1_234' title='bbox 1502 2503 1855 2555; x_wconf 86' lang='lat' dir='ltr'><strong>orationibus</strong></span> <span class='ocrx_word' id='word_1_235' title='bbox 1889 2505 1948 2556; x_wconf 93' lang='lat' dir='ltr'><strong>et</strong></span> <span class='ocrx_word' id='word_1_236' title='bbox 1980 2503 2322 2556; x_wconf 89' lang='lat' dir='ltr'><strong>lectionibus</strong></span> <span class='ocrx_word' id='word_1_237' title='bbox 2359 2504 2687 2569; x_wconf 89' lang='lat' dir='ltr'><strong>Scripturae</strong></span> <span class='ocrx_word' id='word_1_238' title='bbox 2729 2503 2938 2557; x_wconf 88' lang='lat' dir='ltr'><strong>Sacrae</strong></span> <span class='ocrx_word' id='word_1_239' title='bbox 2978 2518 3079 2557; x_wconf 92' lang='lat' dir='ltr'><strong>seu</strong></span> <span class='ocrx_word' id='word_1_240' title='bbox 3114 2504 3251 2569; x_wconf 88' lang='lat' dir='ltr'><strong>signo</strong></span> 
     </span>
     <span class='ocr_line' id='line_1_24' title="bbox 846 2585 3258 2652; baseline -0.001 -12"><span class='ocrx_word' id='word_1_241' title='bbox 846 2588 1030 2641; x_wconf 91' lang='lat' dir='ltr'><strong>crucis</strong></span> <span class='ocrx_word' id='word_1_242' title='bbox 1061 2589 1161 2640; x_wconf 88' lang='lat' dir='ltr'><strong>aut</strong></span> <span class='ocrx_word' id='word_1_243' title='bbox 1196 2587 1405 2639; x_wconf 88' lang='lat' dir='ltr'><strong>ceteris</strong></span> <span class='ocrx_word' id='word_1_244' title='bbox 1447 2585 1808 2652; x_wconf 84' lang='lat' dir='ltr'><strong>cerimoniis;</strong></span> <span class='ocrx_word' id='word_1_245' title='bbox 1848 2586 2084 2651; x_wconf 88' lang='lat' dir='ltr'><strong>insuper</strong></span> <span class='ocrx_word' id='word_1_246' title='bbox 2125 2586 2444 2638; x_wconf 86' lang='lat' dir='ltr'><strong>dicentibus</strong></span> <span class='ocrx_word' id='word_1_247' title='bbox 2488 2587 2619 2651; x_wconf 90' lang='lat' dir='ltr'><strong>post</strong></span> <span class='ocrx_word' id='word_1_248' title='bbox 2649 2586 2796 2639; x_wconf 89' lang='lat' dir='ltr'><strong>hanc</strong></span> <span class='ocrx_word' id='word_1_249' title='bbox 2826 2587 3000 2638; x_wconf 84' lang='lat' dir='ltr'><strong>vitam</strong></span> <span class='ocrx_word' id='word_1_250' title='bbox 3027 2600 3133 2638; x_wconf 90' lang='lat' dir='ltr'><strong>non</strong></span> <span class='ocrx_word' id='word_1_251' title='bbox 3159 2597 3258 2637; x_wconf 78' lang='lat' dir='ltr'><strong>esse</strong></span> 
     </span>
     <span class='ocr_line' id='line_1_25' title="bbox 846 2667 3257 2736; baseline -0.002 -14"><span class='ocrx_word' id='word_1_252' title='bbox 846 2669 1261 2736; x_wconf 86' lang='lat' dir='ltr'><strong>purgatorium,</strong></span> <span class='ocrx_word' id='word_1_253' title='bbox 1279 2668 1380 2720; x_wconf 87' lang='lat' dir='ltr'><strong>sed</strong></span> <span class='ocrx_word' id='word_1_254' title='bbox 1404 2680 1629 2719; x_wconf 89' lang='lat' dir='ltr'><strong>omnem</strong></span> <span class='ocrx_word' id='word_1_255' title='bbox 1646 2668 1913 2728; x_wconf 86' lang='lat' dir='ltr'><strong>animam,</strong></span> <span class='ocrx_word' id='word_1_256' title='bbox 1933 2668 2052 2721; x_wconf 84' lang='lat' dir='ltr'><strong>sive</strong></span> <span class='ocrx_word' id='word_1_257' title='bbox 2073 2669 2143 2721; x_wconf 91' lang='lat' dir='ltr'><strong>de</strong></span> <span class='ocrx_word' id='word_1_258' title='bbox 2161 2668 2411 2733; x_wconf 89' lang='lat' dir='ltr'><strong>peccatis</strong></span> <span class='ocrx_word' id='word_1_259' title='bbox 2433 2669 2552 2720; x_wconf 89' lang='lat' dir='ltr'><strong>suis</strong></span> <span class='ocrx_word' id='word_1_260' title='bbox 2577 2669 2924 2734; x_wconf 89' lang='lat' dir='ltr'><strong>perpetratis</strong></span> <span class='ocrx_word' id='word_1_261' title='bbox 2946 2667 3257 2721; x_wconf 74' lang='lat' dir='ltr'><strong>satisiecerit</strong></span> 
     </span>
     <span class='ocr_line' id='line_1_26' title="bbox 847 2749 3256 2818; baseline -0.001 -13"><span class='ocrx_word' id='word_1_262' title='bbox 847 2755 967 2806; x_wconf 85' lang='lat' dir='ltr'><strong>sive</strong></span> <span class='ocrx_word' id='word_1_263' title='bbox 1001 2767 1133 2815; x_wconf 84' lang='lat' dir='ltr'><strong>non,</strong></span> <span class='ocrx_word' id='word_1_264' title='bbox 1160 2751 1372 2816; x_wconf 88' lang='lat' dir='ltr'><strong>absque</strong></span> <span class='ocrx_word' id='word_1_265' title='bbox 1394 2764 1555 2802; x_wconf 90' lang='lat' dir='ltr'><strong>mora</strong></span> <span class='ocrx_word' id='word_1_266' title='bbox 1578 2749 1757 2816; x_wconf 91' lang='lat' dir='ltr'><strong>recipi</strong></span> <span class='ocrx_word' id='word_1_267' title='bbox 1781 2749 1870 2802; x_wconf 83' lang='lat' dir='ltr'><strong>vel</strong></span> <span class='ocrx_word' id='word_1_268' title='bbox 1906 2751 1965 2803; x_wconf 86' lang='lat' dir='ltr'><strong>in</strong></span> <span class='ocrx_word' id='word_1_269' title='bbox 2000 2752 2335 2817; x_wconf 89' lang='lat' dir='ltr'><strong>perpetuam</strong></span> <span class='ocrx_word' id='word_1_270' title='bbox 2375 2749 2621 2818; x_wconf 86' lang='lat' dir='ltr'><strong>gloriam</strong></span> <span class='ocrx_word' id='word_1_271' title='bbox 2656 2751 2928 2816; x_wconf 85' lang='lat' dir='ltr'><strong>paradisi,</strong></span> <span class='ocrx_word' id='word_1_272' title='bbox 2962 2751 3056 2805; x_wconf 83' lang='lat' dir='ltr'><strong>vel</strong></span> <span class='ocrx_word' id='word_1_273' title='bbox 3086 2765 3256 2818; x_wconf 82' lang='lat' dir='ltr'><strong>perpe·</strong></span> 
     </span>
     <span class='ocr_line' id='line_1_27' title="bbox 849 2832 3254 2899; baseline -0 -11"><span class='ocrx_word' id='word_1_274' title='bbox 849 2839 1004 2888; x_wconf 91' lang='lat' dir='ltr'><strong>tuam</strong></span> <span class='ocrx_word' id='word_1_275' title='bbox 1039 2835 1100 2886; x_wconf 89' lang='lat' dir='ltr'><strong>in</strong></span> <span class='ocrx_word' id='word_1_276' title='bbox 1125 2847 1365 2898; x_wconf 88' lang='lat' dir='ltr'><strong>poenam</strong></span> <span class='ocrx_word' id='word_1_277' title='bbox 1400 2832 1638 2898; x_wconf 76' lang='lat' dir='ltr'><strong>interni;</strong></span> <span class='ocrx_word' id='word_1_278' title='bbox 1675 2847 1877 2885; x_wconf 87' lang='lat' dir='ltr'><strong>vanum</strong></span> <span class='ocrx_word' id='word_1_279' title='bbox 1911 2847 2036 2886; x_wconf 89' lang='lat' dir='ltr'><strong>esse</strong></span> <span class='ocrx_word' id='word_1_280' title='bbox 2062 2847 2167 2899; x_wconf 92' lang='lat' dir='ltr'><strong>pro</strong></span> <span class='ocrx_word' id='word_1_281' title='bbox 2193 2835 2433 2886; x_wconf 89' lang='lat' dir='ltr'><strong>mortuis</strong></span> <span class='ocrx_word' id='word_1_282' title='bbox 2459 2847 2720 2893; x_wconf 87' lang='lat' dir='ltr'><strong>exorare,</strong></span> <span class='ocrx_word' id='word_1_283' title='bbox 2746 2848 2932 2899; x_wconf 87' lang='lat' dir='ltr'><strong>neque</strong></span> <span class='ocrx_word' id='word_1_284' title='bbox 2962 2836 3254 2887; x_wconf 87' lang='lat' dir='ltr'><strong>sanctorum</strong></span> 
     </span>
     <span class='ocr_line' id='line_1_28' title="bbox 849 2916 3254 2984; baseline 0 -15"><span class='ocrx_word' id='word_1_285' title='bbox 849 2917 1124 2984; x_wconf 80' lang='lat' dir='ltr'><strong>suffragia</strong></span> <span class='ocrx_word' id='word_1_286' title='bbox 1142 2917 1413 2981; x_wconf 83' lang='lat' dir='ltr'><strong>prodesse</strong></span> <span class='ocrx_word' id='word_1_287' title='bbox 1440 2916 1537 2967; x_wconf 92' lang='lat' dir='ltr'><strong>aut</strong></span> <span class='ocrx_word' id='word_1_288' title='bbox 1560 2916 1878 2968; x_wconf 86' lang='lat' dir='ltr'><strong>adorandos</strong></span> <span class='ocrx_word' id='word_1_289' title='bbox 1912 2930 2057 2976; x_wconf 87' lang='lat' dir='ltr'><strong>esse,</strong></span> <span class='ocrx_word' id='word_1_290' title='bbox 2085 2918 2294 2984; x_wconf 89' lang='lat' dir='ltr'><strong>quippe</strong></span> <span class='ocrx_word' id='word_1_291' title='bbox 2331 2918 2480 2970; x_wconf 85' lang='lat' dir='ltr'><strong>sicut</strong></span> <span class='ocrx_word' id='word_1_292' title='bbox 2502 2932 2608 2971; x_wconf 91' lang='lat' dir='ltr'><strong>nec</strong></span> <span class='ocrx_word' id='word_1_293' title='bbox 2644 2918 2927 2984; x_wconf 83' lang='lat' dir='ltr'><strong>imagines</strong></span> <span class='ocrx_word' id='word_1_294' title='bbox 2957 2917 3254 2970; x_wconf 72' lang='lat' dir='ltr'><strong>salutiferae</strong></span> 
     </span>
     <span class='ocr_line' id='line_1_29' title="bbox 850 2996 3255 3067; baseline -0.002 -15"><span class='ocrx_word' id='word_1_295' title='bbox 850 2999 1054 3063; x_wconf 86' lang='lat' dir='ltr'><strong>crucis,</strong></span> <span class='ocrx_word' id='word_1_296' title='bbox 1079 2998 1440 3051; x_wconf 89' lang='lat' dir='ltr'><strong>beatissimae</strong></span> <span class='ocrx_word' id='word_1_297' title='bbox 1471 2996 1726 3064; x_wconf 87' lang='lat' dir='ltr'><strong>Virginis</strong></span> <span class='ocrx_word' id='word_1_298' title='bbox 1765 3001 1825 3050; x_wconf 90' lang='lat' dir='ltr'><strong>et</strong></span> <span class='ocrx_word' id='word_1_299' title='bbox 1857 3002 2180 3051; x_wconf 88' lang='lat' dir='ltr'><strong>sanctorum</strong></span> <span class='ocrx_word' id='word_1_300' title='bbox 2204 3001 2329 3061; x_wconf 88' lang='lat' dir='ltr'><strong>Dei,</strong></span> <span class='ocrx_word' id='word_1_301' title='bbox 2356 3001 2456 3052; x_wconf 89' lang='lat' dir='ltr'><strong>sed</strong></span> <span class='ocrx_word' id='word_1_302' title='bbox 2489 3000 2680 3065; x_wconf 89' lang='lat' dir='ltr'><strong>potius</strong></span> <span class='ocrx_word' id='word_1_303' title='bbox 2714 2999 3151 3067; x_wconf 79' lang='lat' dir='ltr'><strong>contringendas</strong></span> <span class='ocrx_word' id='word_1_304' title='bbox 3178 2999 3255 3050; x_wconf 88' lang='lat' dir='ltr'><strong>aut</strong></span> 
     </span>
     <span class='ocr_line' id='line_1_30' title="bbox 850 3081 3257 3148; baseline 0 -15"><span class='ocrx_word' id='word_1_305' title='bbox 850 3081 1263 3134; x_wconf 90' lang='lat' dir='ltr'><strong>comburendas</strong></span> <span class='ocrx_word' id='word_1_306' title='bbox 1295 3093 1448 3144; x_wconf 79' lang='lat' dir='ltr'><strong>esse3</strong></span> <span class='ocrx_word' id='word_1_307' title='bbox 1485 3094 1599 3132; x_wconf 92' lang='lat' dir='ltr'><strong>non</strong></span> <span class='ocrx_word' id='word_1_308' title='bbox 1631 3081 2147 3148; x_wconf 83' lang='lat' dir='ltr'><strong>quadragesimalia</strong></span> <span class='ocrx_word' id='word_1_309' title='bbox 2167 3082 2258 3135; x_wconf 85' lang='lat' dir='ltr'><strong>vel</strong></span> <span class='ocrx_word' id='word_1_310' title='bbox 2283 3082 2397 3135; x_wconf 83' lang='lat' dir='ltr'><strong>alla</strong></span> <span class='ocrx_word' id='word_1_311' title='bbox 2419 3083 2489 3135; x_wconf 87' lang='lat' dir='ltr'><strong>ab</strong></span> <span class='ocrx_word' id='word_1_312' title='bbox 2514 3082 2759 3135; x_wconf 87' lang='lat' dir='ltr'><strong>ecclesia</strong></span> <span class='ocrx_word' id='word_1_313' title='bbox 2780 3082 3043 3134; x_wconf 85' lang='lat' dir='ltr'><strong>instituta</strong></span> <span class='ocrx_word' id='word_1_314' title='bbox 3073 3082 3257 3148; x_wconf 78' lang='lat' dir='ltr'><strong>ieiunia</strong></span> 
     </span>
     <span class='ocr_line' id='line_1_31' title="bbox 851 3162 3259 3230; baseline -0 -14"><span class='ocrx_word' id='word_1_315' title='bbox 851 3163 1120 3223; x_wconf 88' lang='lat' dir='ltr'><strong>curanda,</strong></span> <span class='ocrx_word' id='word_1_316' title='bbox 1133 3176 1239 3214; x_wconf 91' lang='lat' dir='ltr'><strong>nec</strong></span> <span class='ocrx_word' id='word_1_317' title='bbox 1248 3162 1572 3215; x_wconf 90' lang='lat' dir='ltr'><strong>introducta</strong></span> <span class='ocrx_word' id='word_1_318' title='bbox 1593 3166 1921 3216; x_wconf 88' lang='lat' dir='ltr'><strong>sanctorum</strong></span> <span class='ocrx_word' id='word_1_319' title='bbox 1936 3165 2085 3217; x_wconf 79' lang='lat' dir='ltr'><strong>testa</strong></span> <span class='ocrx_word' id='word_1_320' title='bbox 2101 3165 2171 3217; x_wconf 91' lang='lat' dir='ltr'><strong>ab</strong></span> <span class='ocrx_word' id='word_1_321' title='bbox 2195 3164 2438 3217; x_wconf 88' lang='lat' dir='ltr'><strong>ecclesia</strong></span> <span class='ocrx_word' id='word_1_322' title='bbox 2453 3166 2580 3218; x_wconf 78' lang='lat' dir='ltr'><strong>tore</strong></span> <span class='ocrx_word' id='word_1_323' title='bbox 2599 3165 3259 3230; x_wconf 73' lang='lat' dir='ltr'><strong>observanda3praeterea</strong></span> 
     </span>
     <span class='ocr_line' id='line_1_32' title="bbox 851 3244 3258 3311; baseline 0 -13"><span class='ocrx_word' id='word_1_324' title='bbox 851 3245 1169 3299; x_wconf 87' lang='lat' dir='ltr'><strong>dicentibus</strong></span> <span class='ocrx_word' id='word_1_325' title='bbox 1202 3246 1506 3311; x_wconf 89' lang='lat' dir='ltr'><strong>praecepta</strong></span> <span class='ocrx_word' id='word_1_326' title='bbox 1548 3244 1935 3299; x_wconf 85' lang='lat' dir='ltr'><strong>ecclesiastica</strong></span> <span class='ocrx_word' id='word_1_327' title='bbox 1974 3261 2087 3299; x_wconf 94' lang='lat' dir='ltr'><strong>non</strong></span> <span class='ocrx_word' id='word_1_328' title='bbox 2123 3248 2401 3299; x_wconf 83' lang='lat' dir='ltr'><strong>servanda</strong></span> <span class='ocrx_word' id='word_1_329' title='bbox 2445 3247 2601 3300; x_wconf 91' lang='lat' dir='ltr'><strong>circa</strong></span> <span class='ocrx_word' id='word_1_330' title='bbox 2624 3250 2918 3299; x_wconf 88' lang='lat' dir='ltr'><strong>tonsuram</strong></span> <span class='ocrx_word' id='word_1_331' title='bbox 2957 3249 3017 3300; x_wconf 90' lang='lat' dir='ltr'><strong>et</strong></span> <span class='ocrx_word' id='word_1_332' title='bbox 3039 3246 3258 3299; x_wconf 83' lang='lat' dir='ltr'><strong>habitum</strong></span> 
     </span>
     <span class='ocr_line' id='line_1_33' title="bbox 853 3328 3261 3395; baseline -0 -14"><span class='ocrx_word' id='word_1_333' title='bbox 853 3328 1192 3381; x_wconf 90' lang='lat' dir='ltr'><strong>clericorum</strong></span> <span class='ocrx_word' id='word_1_334' title='bbox 1212 3331 1311 3380; x_wconf 91' lang='lat' dir='ltr'><strong>aut</strong></span> <span class='ocrx_word' id='word_1_335' title='bbox 1343 3328 1514 3380; x_wconf 88' lang='lat' dir='ltr'><strong>horas</strong></span> <span class='ocrx_word' id='word_1_336' title='bbox 1548 3330 1868 3392; x_wconf 90' lang='lat' dir='ltr'><strong>canonicas,</strong></span> <span class='ocrx_word' id='word_1_337' title='bbox 1911 3330 2021 3381; x_wconf 88' lang='lat' dir='ltr'><strong>nisi</strong></span> <span class='ocrx_word' id='word_1_338' title='bbox 2060 3329 2325 3395; x_wconf 85' lang='lat' dir='ltr'><strong>specifice</strong></span> <span class='ocrx_word' id='word_1_339' title='bbox 2364 3331 2637 3383; x_wconf 86' lang='lat' dir='ltr'><strong>contenta</strong></span> <span class='ocrx_word' id='word_1_340' title='bbox 2681 3329 3025 3382; x_wconf 84' lang='lat' dir='ltr'><strong>verbotenus</strong></span> <span class='ocrx_word' id='word_1_341' title='bbox 3062 3330 3121 3382; x_wconf 91' lang='lat' dir='ltr'><strong>in</strong></span> <span class='ocrx_word' id='word_1_342' title='bbox 3156 3330 3261 3395; x_wconf 77' lang='lat' dir='ltr'><strong>lego</strong></span> 
     </span>
     <span class='ocr_line' id='line_1_34' title="bbox 855 3407 3259 3479; baseline 0 -18"><span class='ocrx_word' id='word_1_343' title='bbox 855 3407 1200 3476; x_wconf 84' lang='lat' dir='ltr'><strong>evangelica,</strong></span> <span class='ocrx_word' id='word_1_344' title='bbox 1242 3409 1343 3461; x_wconf 88' lang='lat' dir='ltr'><strong>sed</strong></span> <span class='ocrx_word' id='word_1_345' title='bbox 1381 3411 1432 3462; x_wconf 90' lang='lat' dir='ltr'><strong>si</strong></span> <span class='ocrx_word' id='word_1_346' title='bbox 1471 3410 1771 3475; x_wconf 88' lang='lat' dir='ltr'><strong>episcopus</strong></span> <span class='ocrx_word' id='word_1_347' title='bbox 1809 3411 2065 3464; x_wconf 84' lang='lat' dir='ltr'><strong>extiterit</strong></span> <span class='ocrx_word' id='word_1_348' title='bbox 2093 3411 2155 3462; x_wconf 90' lang='lat' dir='ltr'><strong>in</strong></span> <span class='ocrx_word' id='word_1_349' title='bbox 2195 3411 2424 3464; x_wconf 82' lang='lat' dir='ltr'><strong>mortali</strong></span> <span class='ocrx_word' id='word_1_350' title='bbox 2456 3414 2713 3479; x_wconf 86' lang='lat' dir='ltr'><strong>peccato,</strong></span> <span class='ocrx_word' id='word_1_351' title='bbox 2747 3428 2864 3466; x_wconf 90' lang='lat' dir='ltr'><strong>non</strong></span> <span class='ocrx_word' id='word_1_352' title='bbox 2899 3415 3139 3472; x_wconf 86' lang='lat' dir='ltr'><strong>ordinat,</strong></span> <span class='ocrx_word' id='word_1_353' title='bbox 3169 3424 3259 3464; x_wconf 88' lang='lat' dir='ltr'><strong>non</strong></span> 
     </span>
     <span class='ocr_line' id='line_1_35' title="bbox 855 3492 3260 3562; baseline 0 -18"><span class='ocrx_word' id='word_1_354' title='bbox 855 3492 1167 3552; x_wconf 84' lang='lat' dir='ltr'><strong>consecrat,</strong></span> <span class='ocrx_word' id='word_1_355' title='bbox 1192 3505 1306 3543; x_wconf 92' lang='lat' dir='ltr'><strong>non</strong></span> <span class='ocrx_word' id='word_1_356' title='bbox 1328 3492 1569 3553; x_wconf 86' lang='lat' dir='ltr'><strong>conficit,</strong></span> <span class='ocrx_word' id='word_1_357' title='bbox 1607 3506 1718 3544; x_wconf 90' lang='lat' dir='ltr'><strong>non</strong></span> <span class='ocrx_word' id='word_1_358' title='bbox 1743 3493 2007 3559; x_wconf 85' lang='lat' dir='ltr'><strong>baptizat,</strong></span> <span class='ocrx_word' id='word_1_359' title='bbox 2046 3493 2314 3557; x_wconf 88' lang='lat' dir='ltr'><strong>quoniam</strong></span> <span class='ocrx_word' id='word_1_360' title='bbox 2348 3492 2539 3546; x_wconf 89' lang='lat' dir='ltr'><strong>nullus</strong></span> <span class='ocrx_word' id='word_1_361' title='bbox 2562 3495 2875 3562; x_wconf 86' lang='lat' dir='ltr'><strong>praelatus,</strong></span> <span class='ocrx_word' id='word_1_362' title='bbox 2902 3495 3089 3549; x_wconf 85' lang='lat' dir='ltr'><strong>nullus</strong></span> <span class='ocrx_word' id='word_1_363' title='bbox 3108 3492 3260 3548; x_wconf 80' lang='lat' dir='ltr'><strong>civilis</strong></span> 
     </span>
     <span class='ocr_line' id='line_1_36' title="bbox 857 3575 3260 3644; baseline 0 -18"><span class='ocrx_word' id='word_1_364' title='bbox 857 3575 1137 3636; x_wconf 86' lang='lat' dir='ltr'><strong>dominus,</strong></span> <span class='ocrx_word' id='word_1_365' title='bbox 1162 3576 1482 3640; x_wconf 86' lang='lat' dir='ltr'><strong>quicunque</strong></span> <span class='ocrx_word' id='word_1_366' title='bbox 1503 3576 1698 3636; x_wconf 78' lang='lat' dir='ltr'><strong>tuerit,</strong></span> <span class='ocrx_word' id='word_1_367' title='bbox 1712 3577 1772 3627; x_wconf 92' lang='lat' dir='ltr'><strong>in</strong></span> <span class='ocrx_word' id='word_1_368' title='bbox 1797 3577 2027 3640; x_wconf 89' lang='lat' dir='ltr'><strong>peccato</strong></span> <span class='ocrx_word' id='word_1_369' title='bbox 2050 3576 2504 3642; x_wconf 86' lang='lat' dir='ltr'><strong>mortali,posset</strong></span> <span class='ocrx_word' id='word_1_370' title='bbox 2538 3578 2845 3644; x_wconf 87' lang='lat' dir='ltr'><strong>populares</strong></span> <span class='ocrx_word' id='word_1_371' title='bbox 2871 3579 3123 3631; x_wconf 85' lang='lat' dir='ltr'><strong>subditos</strong></span> <span class='ocrx_word' id='word_1_372' title='bbox 3153 3588 3260 3628; x_wconf 80' lang='lat' dir='ltr'><strong>snos</strong></span> 
     </span>
     <span class='ocr_line' id='line_1_37' title="bbox 858 3657 3259 3729; baseline 0.001 -21"><span class='ocrx_word' id='word_1_373' title='bbox 858 3657 1085 3709; x_wconf 89' lang='lat' dir='ltr'><strong>domino</strong></span> <span class='ocrx_word' id='word_1_374' title='bbox 1109 3658 1504 3722; x_wconf 90' lang='lat' dir='ltr'><strong>delinquentes</strong></span> <span class='ocrx_word' id='word_1_375' title='bbox 1528 3658 1598 3709; x_wconf 91' lang='lat' dir='ltr'><strong>ad</strong></span> <span class='ocrx_word' id='word_1_376' title='bbox 1623 3658 1921 3710; x_wconf 88' lang='lat' dir='ltr'><strong>arbitrium</strong></span> <span class='ocrx_word' id='word_1_377' title='bbox 1945 3670 2144 3711; x_wconf 88' lang='lat' dir='ltr'><strong>eorum</strong></span> <span class='ocrx_word' id='word_1_378' title='bbox 2168 3659 2475 3726; x_wconf 86' lang='lat' dir='ltr'><strong>deponere,</strong></span> <span class='ocrx_word' id='word_1_379' title='bbox 2499 3661 2794 3729; x_wconf 84' lang='lat' dir='ltr'><strong>corrigere</strong></span> <span class='ocrx_word' id='word_1_380' title='bbox 2813 3675 2880 3713; x_wconf 89' lang='lat' dir='ltr'><strong>ac</strong></span> <span class='ocrx_word' id='word_1_381' title='bbox 2902 3663 3131 3727; x_wconf 77' lang='lat' dir='ltr'><strong>punire3</strong></span> <span class='ocrx_word' id='word_1_382' title='bbox 3152 3658 3259 3712; x_wconf 85' lang='lat' dir='ltr'><strong>reli·</strong></span> 
     </span>
     <span class='ocr_line' id='line_1_38' title="bbox 808 3740 3260 3809; baseline 0 -17"><span class='ocrx_word' id='word_1_383' title='bbox 808 3778 812 3783; x_wconf 79' lang='lat'>-</span> <span class='ocrx_word' id='word_1_384' title='bbox 859 3740 1059 3807; x_wconf 89' lang='lat' dir='ltr'><strong>giones</strong></span> <span class='ocrx_word' id='word_1_385' title='bbox 1078 3742 1191 3793; x_wconf 87' lang='lat' dir='ltr'><strong>tam</strong></span> <span class='ocrx_word' id='word_1_386' title='bbox 1207 3740 1753 3806; x_wconf 75' lang='lat' dir='ltr'><strong>protessionatorum</strong></span> <span class='ocrx_word' id='word_1_387' title='bbox 1772 3755 1939 3805; x_wconf 89' lang='lat' dir='ltr'><strong>quam</strong></span> <span class='ocrx_word' id='word_1_388' title='bbox 1957 3741 2199 3793; x_wconf 80' lang='lat' dir='ltr'><strong>tratrum</strong></span> <span class='ocrx_word' id='word_1_389' title='bbox 2215 3742 2657 3796; x_wconf 87' lang='lat' dir='ltr'><strong>mendicantium</strong></span> <span class='ocrx_word' id='word_1_390' title='bbox 2674 3744 3005 3809; x_wconf 86' lang='lat' dir='ltr'><strong>reprobatas</strong></span> <span class='ocrx_word' id='word_1_391' title='bbox 3024 3745 3260 3808; x_wconf 82' lang='lat' dir='ltr'><strong>tanquam</strong></span> 
     </span>
     <span class='ocr_line' id='line_1_39' title="bbox 860 3822 3264 3893; baseline 0.001 -17"><span class='ocrx_word' id='word_1_392' title='bbox 860 3837 895 3876; x_wconf 94' lang='lat' dir='ltr'><strong>a</strong></span> <span class='ocrx_word' id='word_1_393' title='bbox 916 3822 1158 3889; x_wconf 78' lang='lat' dir='ltr'><strong>dyabolo</strong></span> <span class='ocrx_word' id='word_1_394' title='bbox 1182 3823 1555 3883; x_wconf 88' lang='lat' dir='ltr'><strong>introductas,</strong></span> <span class='ocrx_word' id='word_1_395' title='bbox 1571 3836 1697 3876; x_wconf 89' lang='lat' dir='ltr'><strong>esse</strong></span> <span class='ocrx_word' id='word_1_396' title='bbox 1720 3822 2040 3876; x_wconf 88' lang='lat' dir='ltr'><strong>haereticos</strong></span> <span class='ocrx_word' id='word_1_397' title='bbox 2062 3824 2452 3878; x_wconf 87' lang='lat' dir='ltr'><strong>mendicantes</strong></span> <span class='ocrx_word' id='word_1_398' title='bbox 2475 3824 2799 3893; x_wconf 82' lang='lat' dir='ltr'><strong>religiosos,</strong></span> <span class='ocrx_word' id='word_1_399' title='bbox 2810 3840 3048 3893; x_wconf 88' lang='lat' dir='ltr'><strong>peccare</strong></span> <span class='ocrx_word' id='word_1_400' title='bbox 3069 3836 3264 3891; x_wconf 82' lang='lat' dir='ltr'><strong>quoque</strong></span> 
     </span>
     <span class='ocr_line' id='line_1_40' title="bbox 860 3904 3262 3973; baseline 0 -16"><span class='ocrx_word' id='word_1_401' title='bbox 860 3904 1135 3973; x_wconf 89' lang='lat' dir='ltr'><strong>singulos,</strong></span> <span class='ocrx_word' id='word_1_402' title='bbox 1161 3905 1258 3969; x_wconf 88' lang='lat' dir='ltr'><strong>qui</strong></span> <span class='ocrx_word' id='word_1_403' title='bbox 1276 3906 1550 3970; x_wconf 87' lang='lat' dir='ltr'><strong>praebent</strong></span> <span class='ocrx_word' id='word_1_404' title='bbox 1575 3906 1659 3958; x_wconf 89' lang='lat' dir='ltr'><strong>eis</strong></span> <span class='ocrx_word' id='word_1_405' title='bbox 1682 3904 2046 3972; x_wconf 60' lang='lat' dir='ltr'><strong>elemosinam</strong></span> <span class='ocrx_word' id='word_1_406' title='bbox 2072 3906 2264 3958; x_wconf 88' lang='lat' dir='ltr'><strong>omnia</strong></span> <span class='ocrx_word' id='word_1_407' title='bbox 2295 3907 2366 3960; x_wconf 91' lang='lat' dir='ltr'><strong>de</strong></span> <span class='ocrx_word' id='word_1_408' title='bbox 2391 3909 2733 3961; x_wconf 83' lang='lat' dir='ltr'><strong>necessitate</strong></span> <span class='ocrx_word' id='word_1_409' title='bbox 2758 3909 3013 3962; x_wconf 85' lang='lat' dir='ltr'><strong>absolute</strong></span> <span class='ocrx_word' id='word_1_410' title='bbox 3036 3907 3262 3965; x_wconf 82' lang='lat' dir='ltr'><strong>evenire;</strong></span> 
     </span>
     <span class='ocr_line' id='line_1_41' title="bbox 862 3986 3263 4056; baseline 0.001 -16"><span class='ocrx_word' id='word_1_411' title='bbox 862 4001 1058 4040; x_wconf 87' lang='lat' dir='ltr'><strong>omnes</strong></span> <span class='ocrx_word' id='word_1_412' title='bbox 1081 3986 1300 4040; x_wconf 87' lang='lat' dir='ltr'><strong>scilicet</strong></span> <span class='ocrx_word' id='word_1_413' title='bbox 1317 3988 1602 4040; x_wconf 88' lang='lat' dir='ltr'><strong>orationes</strong></span> <span class='ocrx_word' id='word_1_414' title='bbox 1624 3989 2038 4053; x_wconf 88' lang='lat' dir='ltr'><strong>praescitorum</strong></span> <span class='ocrx_word' id='word_1_415' title='bbox 2061 4003 2174 4040; x_wconf 93' lang='lat' dir='ltr'><strong>non</strong></span> <span class='ocrx_word' id='word_1_416' title='bbox 2196 3988 2408 4050; x_wconf 83' lang='lat' dir='ltr'><strong>valere,</strong></span> <span class='ocrx_word' id='word_1_417' title='bbox 2442 3991 2577 4054; x_wconf 88' lang='lat' dir='ltr'><strong>quia</strong></span> <span class='ocrx_word' id='word_1_418' title='bbox 2596 3994 2913 4056; x_wconf 90' lang='lat' dir='ltr'><strong>praescitus</strong></span> <span class='ocrx_word' id='word_1_419' title='bbox 2936 3991 3144 4044; x_wconf 88' lang='lat' dir='ltr'><strong>habens</strong></span> <span class='ocrx_word' id='word_1_420' title='bbox 3160 3999 3263 4055; x_wconf 76' lang='lat' dir='ltr'><strong>per·</strong></span> 
     </span>
     <span class='ocr_line' id='line_1_42' title="bbox 861 4066 3262 4136; baseline -0.001 -17"><span class='ocrx_word' id='word_1_421' title='bbox 861 4068 1070 4120; x_wconf 77' lang='lat' dir='ltr'><strong>tectam</strong></span> <span class='ocrx_word' id='word_1_422' title='bbox 1087 4066 1257 4118; x_wconf 84' lang='lat' dir='ltr'><strong>fldem</strong></span> <span class='ocrx_word' id='word_1_423' title='bbox 1280 4067 1338 4118; x_wconf 93' lang='lat' dir='ltr'><strong>et</strong></span> <span class='ocrx_word' id='word_1_424' title='bbox 1359 4067 1652 4119; x_wconf 89' lang='lat' dir='ltr'><strong>caritatem</strong></span> <span class='ocrx_word' id='word_1_425' title='bbox 1676 4080 1791 4118; x_wconf 89' lang='lat' dir='ltr'><strong>non</strong></span> <span class='ocrx_word' id='word_1_426' title='bbox 1822 4068 1910 4120; x_wconf 91' lang='lat' dir='ltr'><strong>est</strong></span> <span class='ocrx_word' id='word_1_427' title='bbox 1934 4080 2039 4133; x_wconf 87' lang='lat' dir='ltr'><strong>pro</strong></span> <span class='ocrx_word' id='word_1_428' title='bbox 2063 4069 2198 4119; x_wconf 90' lang='lat' dir='ltr'><strong>tunc</strong></span> <span class='ocrx_word' id='word_1_429' title='bbox 2218 4068 2280 4120; x_wconf 89' lang='lat' dir='ltr'><strong>in</strong></span> <span class='ocrx_word' id='word_1_430' title='bbox 2303 4069 2492 4135; x_wconf 89' lang='lat' dir='ltr'><strong>gratia</strong></span> <span class='ocrx_word' id='word_1_431' title='bbox 2514 4070 2620 4122; x_wconf 92' lang='lat' dir='ltr'><strong>Dei</strong></span> <span class='ocrx_word' id='word_1_432' title='bbox 2652 4071 2878 4136; x_wconf 86' lang='lat' dir='ltr'><strong>gratum</strong></span> <span class='ocrx_word' id='word_1_433' title='bbox 2899 4070 3155 4128; x_wconf 78' lang='lat' dir='ltr'><strong>faciente,</strong></span> <span class='ocrx_word' id='word_1_434' title='bbox 3180 4079 3262 4118; x_wconf 87' lang='lat' dir='ltr'><strong>nec</strong></span> 
     </span>
    </p>
   </div>
   <div class='ocr_carea' id='block_1_3' title="bbox 862 4146 3266 4720">
    <p class='ocr_par' dir='ltr' id='par_1_3' title="bbox 862 4146 3266 4720">
     <span class='ocr_line' id='line_1_43' title="bbox 863 4146 3263 4217; baseline 0 -17"><span class='ocrx_word' id='word_1_435' title='bbox 863 4149 951 4201; x_wconf 85' lang='lat' dir='ltr'><strong>est</strong></span> <span class='ocrx_word' id='word_1_436' title='bbox 967 4161 1101 4213; x_wconf 88' lang='lat' dir='ltr'><strong>pars</strong></span> <span class='ocrx_word' id='word_1_437' title='bbox 1119 4146 1413 4212; x_wconf 86' lang='lat' dir='ltr'><strong>ecclesiae,</strong></span> <span class='ocrx_word' id='word_1_438' title='bbox 1436 4160 1542 4200; x_wconf 91' lang='lat' dir='ltr'><strong>nec</strong></span> <span class='ocrx_word' id='word_1_439' title='bbox 1563 4147 1813 4212; x_wconf 89' lang='lat' dir='ltr'><strong>aliquam</strong></span> <span class='ocrx_word' id='word_1_440' title='bbox 1835 4148 1896 4201; x_wconf 91' lang='lat' dir='ltr'><strong>in</strong></span> <span class='ocrx_word' id='word_1_441' title='bbox 1918 4149 2162 4202; x_wconf 89' lang='lat' dir='ltr'><strong>ecclesia</strong></span> <span class='ocrx_word' id='word_1_442' title='bbox 2182 4149 2591 4216; x_wconf 87' lang='lat' dir='ltr'><strong>praelationem</strong></span> <span class='ocrx_word' id='word_1_443' title='bbox 2610 4152 2857 4217; x_wconf 88' lang='lat' dir='ltr'><strong>optinet;</strong></span> <span class='ocrx_word' id='word_1_444' title='bbox 2886 4153 3113 4206; x_wconf 89' lang='lat' dir='ltr'><strong>econtra</strong></span> <span class='ocrx_word' id='word_1_445' title='bbox 3126 4160 3263 4216; x_wconf 84' lang='lat' dir='ltr'><strong>prae·</strong></span> 
     </span>
     <span class='ocr_line' id='line_1_44' title="bbox 865 4227 3264 4301; baseline 0.001 -20"><span class='ocrx_word' id='word_1_446' title='bbox 865 4230 1177 4282; x_wconf 83' lang='lat' dir='ltr'><strong>destinatus</strong></span> <span class='ocrx_word' id='word_1_447' title='bbox 1195 4229 1489 4283; x_wconf 90' lang='lat' dir='ltr'><strong>moraliter</strong></span> <span class='ocrx_word' id='word_1_448' title='bbox 1506 4244 1766 4295; x_wconf 88' lang='lat' dir='ltr'><strong>peccans,</strong></span> <span class='ocrx_word' id='word_1_449' title='bbox 1780 4245 1891 4283; x_wconf 92' lang='lat' dir='ltr'><strong>non</strong></span> <span class='ocrx_word' id='word_1_450' title='bbox 1917 4233 2005 4285; x_wconf 90' lang='lat' dir='ltr'><strong>est</strong></span> <span class='ocrx_word' id='word_1_451' title='bbox 2027 4232 2343 4285; x_wconf 91' lang='lat' dir='ltr'><strong>membrum</strong></span> <span class='ocrx_word' id='word_1_452' title='bbox 2366 4233 2612 4299; x_wconf 79' lang='lat' dir='ltr'><strong>dyaboli,</strong></span> <span class='ocrx_word' id='word_1_453' title='bbox 2623 4249 2726 4288; x_wconf 90' lang='lat' dir='ltr'><strong>nec</strong></span> <span class='ocrx_word' id='word_1_454' title='bbox 2743 4236 2909 4288; x_wconf 87' lang='lat' dir='ltr'><strong>extra</strong></span> <span class='ocrx_word' id='word_1_455' title='bbox 2924 4233 3157 4301; x_wconf 74' lang='lat' dir='ltr'><strong>gratiam</strong></span> <span class='ocrx_word' id='word_1_456' title='bbox 3176 4227 3264 4283; x_wconf 77' lang='lat' dir='ltr'><strong>Dei</strong></span> 
     </span>
     <span class='ocr_line' id='line_1_45' title="bbox 862 4313 3260 4383; baseline 0 -20"><span class='ocrx_word' id='word_1_457' title='bbox 862 4314 1088 4378; x_wconf 86' lang='lat' dir='ltr'><strong>gratum</strong></span> <span class='ocrx_word' id='word_1_458' title='bbox 1110 4313 1441 4377; x_wconf 72' lang='lat' dir='ltr'><strong>iacientem3</strong></span> <span class='ocrx_word' id='word_1_459' title='bbox 1466 4314 1873 4380; x_wconf 86' lang='lat' dir='ltr'><strong>graduationes</strong></span> <span class='ocrx_word' id='word_1_460' title='bbox 1896 4315 1956 4366; x_wconf 92' lang='lat' dir='ltr'><strong>et</strong></span> <span class='ocrx_word' id='word_1_461' title='bbox 1986 4315 2316 4382; x_wconf 84' lang='lat' dir='ltr'><strong>magisteria</strong></span> <span class='ocrx_word' id='word_1_462' title='bbox 2339 4315 2657 4368; x_wconf 84' lang='lat' dir='ltr'><strong>studiorum</strong></span> <span class='ocrx_word' id='word_1_463' title='bbox 2678 4331 2823 4370; x_wconf 84' lang='lat' dir='ltr'><strong>vana</strong></span> <span class='ocrx_word' id='word_1_464' title='bbox 2843 4319 2969 4369; x_wconf 79' lang='lat' dir='ltr'><strong>tore</strong></span> <span class='ocrx_word' id='word_1_465' title='bbox 2990 4314 3260 4383; x_wconf 82' lang='lat' dir='ltr'><strong>gentilium</strong></span> 
     </span>
     <span class='ocr_line' id='line_1_46' title="bbox 863 4394 3265 4463; baseline 0.001 -18"><span class='ocrx_word' id='word_1_466' title='bbox 863 4394 1051 4462; x_wconf 84' lang='lat' dir='ltr'><strong>gloria</strong></span> <span class='ocrx_word' id='word_1_467' title='bbox 1065 4395 1349 4459; x_wconf 86' lang='lat' dir='ltr'><strong>instituta;</strong></span> <span class='ocrx_word' id='word_1_468' title='bbox 1371 4394 1584 4448; x_wconf 89' lang='lat' dir='ltr'><strong>nullam</strong></span> <span class='ocrx_word' id='word_1_469' title='bbox 1601 4409 1783 4462; x_wconf 89' lang='lat' dir='ltr'><strong>prope</strong></span> <span class='ocrx_word' id='word_1_470' title='bbox 1800 4396 1888 4449; x_wconf 83' lang='lat' dir='ltr'><strong>vel</strong></span> <span class='ocrx_word' id='word_1_471' title='bbox 1921 4396 2158 4451; x_wconf 84' lang='lat' dir='ltr'><strong>alterius</strong></span> <span class='ocrx_word' id='word_1_472' title='bbox 2180 4398 2423 4463; x_wconf 87' lang='lat' dir='ltr'><strong>praelati</strong></span> <span class='ocrx_word' id='word_1_473' title='bbox 2444 4399 2752 4452; x_wconf 90' lang='lat' dir='ltr'><strong>timendam</strong></span> <span class='ocrx_word' id='word_1_474' title='bbox 2774 4402 2902 4452; x_wconf 76' lang='lat' dir='ltr'><strong>tore</strong></span> <span class='ocrx_word' id='word_1_475' title='bbox 2919 4394 3265 4453; x_wconf 84' lang='lat' dir='ltr'><strong>excommuni-</strong></span> 
     </span>
     <span class='ocr_line' id='line_1_47' title="bbox 863 4477 3266 4549; baseline 0.001 -20"><span class='ocrx_word' id='word_1_476' title='bbox 863 4477 1169 4542; x_wconf 79' lang='lat' dir='ltr'><strong>cationem3</strong></span> <span class='ocrx_word' id='word_1_477' title='bbox 1194 4479 1415 4530; x_wconf 74' lang='lat' dir='ltr'><strong>fatuum</strong></span> <span class='ocrx_word' id='word_1_478' title='bbox 1436 4479 1669 4531; x_wconf 90' lang='lat' dir='ltr'><strong>credere</strong></span> <span class='ocrx_word' id='word_1_479' title='bbox 1691 4493 1874 4544; x_wconf 86' lang='lat' dir='ltr'><strong>papae</strong></span> <span class='ocrx_word' id='word_1_480' title='bbox 1895 4479 1986 4533; x_wconf 85' lang='lat' dir='ltr'><strong>vel</strong></span> <span class='ocrx_word' id='word_1_481' title='bbox 2008 4480 2250 4533; x_wconf 89' lang='lat' dir='ltr'><strong>aliorum</strong></span> <span class='ocrx_word' id='word_1_482' title='bbox 2269 4481 2657 4546; x_wconf 89' lang='lat' dir='ltr'><strong>praelatorum</strong></span> <span class='ocrx_word' id='word_1_483' title='bbox 2673 4481 3078 4549; x_wconf 78' lang='lat' dir='ltr'><strong>indulgentias3</strong></span> <span class='ocrx_word' id='word_1_484' title='bbox 3103 4478 3266 4532; x_wconf 72' lang='lat' dir='ltr'><strong>omnia</strong></span> 
     </span>
     <span class='ocr_line' id='line_1_48' title="bbox 863 4559 3259 4627; baseline 0.001 -16"><span class='ocrx_word' id='word_1_485' title='bbox 863 4560 1188 4625; x_wconf 83' lang='lat' dir='ltr'><strong>juramenta</strong></span> <span class='ocrx_word' id='word_1_486' title='bbox 1218 4574 1344 4613; x_wconf 88' lang='lat' dir='ltr'><strong>esse</strong></span> <span class='ocrx_word' id='word_1_487' title='bbox 1365 4559 1584 4620; x_wconf 86' lang='lat' dir='ltr'><strong>illicita,</strong></span> <span class='ocrx_word' id='word_1_488' title='bbox 1620 4575 1766 4626; x_wconf 88' lang='lat' dir='ltr'><strong>quae</strong></span> <span class='ocrx_word' id='word_1_489' title='bbox 1806 4562 1949 4615; x_wconf 85' lang='lat' dir='ltr'><strong>fiunt</strong></span> <span class='ocrx_word' id='word_1_490' title='bbox 1986 4564 2046 4615; x_wconf 91' lang='lat' dir='ltr'><strong>in</strong></span> <span class='ocrx_word' id='word_1_491' title='bbox 2067 4563 2296 4627; x_wconf 79' lang='lat' dir='ltr'><strong>judiciis</strong></span> <span class='ocrx_word' id='word_1_492' title='bbox 2341 4565 2461 4617; x_wconf 81' lang='lat' dir='ltr'><strong>sive</strong></span> <span class='ocrx_word' id='word_1_493' title='bbox 2494 4566 2565 4616; x_wconf 91' lang='lat' dir='ltr'><strong>ad</strong></span> <span class='ocrx_word' id='word_1_494' title='bbox 2598 4565 2976 4619; x_wconf 89' lang='lat' dir='ltr'><strong>roborandum</strong></span> <span class='ocrx_word' id='word_1_495' title='bbox 3010 4563 3259 4615; x_wconf 74' lang='lat' dir='ltr'><strong>humanos</strong></span> 
     </span>
     <span class='ocr_line' id='line_1_49' title="bbox 869 4641 3254 4720; baseline 0.001 -26"><span class='ocrx_word' id='word_1_496' title='bbox 869 4643 1193 4695; x_wconf 86' lang='lat' dir='ltr'><strong>contractus</strong></span> <span class='ocrx_word' id='word_1_497' title='bbox 1235 4641 1534 4708; x_wconf 83' lang='lat' dir='ltr'><strong>civiliaque</strong></span> <span class='ocrx_word' id='word_1_498' title='bbox 1571 4646 1935 4711; x_wconf 89' lang='lat' dir='ltr'><strong>commercia;</strong></span> <span class='ocrx_word' id='word_1_499' title='bbox 1978 4645 2355 4699; x_wconf 86' lang='lat' dir='ltr'><strong>universalem</strong></span> <span class='ocrx_word' id='word_1_500' title='bbox 2395 4646 2693 4701; x_wconf 89' lang='lat' dir='ltr'><strong>ecclesiam</strong></span> <span class='ocrx_word' id='word_1_501' title='bbox 2743 4662 2869 4701; x_wconf 90' lang='lat' dir='ltr'><strong>esse</strong></span> <span class='ocrx_word' id='word_1_502' title='bbox 2887 4645 3254 4720; x_wconf 34' lang='lat' dir='ltr'><strong>‚praedestina-</strong></span> 
     </span>
    </p>
   </div>
  </div>
 </body>
</html>
