3526 5522
880 597 944 647 66
1806 595 2011 649 ANNo
2050 595 2199 662 1423,
2239 596 2364 646 1426

878 763 1177 827 sequentes
1199 761 1570 825 reliquerunt,
1599 761 1715 825 qui.
1740 762 1807 812 ut
1828 760 2184 825 experientia
2205 760 2524 819 didicimus,
2550 761 2667 812 suis
2701 761 2913 826 lupinis
2949 763 3205 815 morsibus
3227 765 3268 815 et

874 845 1091 896 caninis
1122 843 1439 903 latratibuS,
1475 858 1581 909 per
1612 858 1674 896 se
1711 845 1771 895 et
1807 846 1992 895 certos
2027 843 2280 908 ipsorum
2315 843 2543 895 nuntios
2577 857 2681 908 per
2715 846 2985 896 mundum
3020 850 3264 912 vagantes,

874 943 976 978 suo
1001 927 1226 980 letifero
1260 930 1397 993 potu
1432 927 1526 978 vix
1562 925 1997 978 numerabilium
2021 939 2301 987 errorum,
2328 927 2418 976 via
2441 927 2681 989 quadam
2704 927 3163 981 anthichristiana
3182 927 3257 980 Dei

872 1010 1168 1062 ecclesiam
1192 1011 1451 1062 nituntur
1473 1010 1545 1061 ad
1569 1009 1970 1061 exterminium
2005 1009 2213 1061 ducere
2249 1009 2309 1061 et
2342 1022 2506 1060 veros
2531 1008 2740 1060 Christi
2764 1009 2963 1062 fideles
2988 1024 3022 1062 a
3047 1012 3135 1062 via
3161 1010 3264 1062 veri·

873 1093 1006 1144 tatis
1029 1092 1316 1144 declinare
1340 1094 1400 1144 et
1438 1090 1716 1144 diabolico
1752 1092 2024 1142 instinctu
2048 1092 2108 1142 in
2141 1092 2333 1143 fauces
2368 1091 2648 1157 rugientis
2670 1092 3021 1157 producere:
3063 1092 3266 1145 volentes

874 1176 1066 1240 itaque
1087 1188 1259 1241 super
1281 1188 1459 1240 grege
1485 1175 1767 1225 dominico
1798 1174 1957 1225 nobis
1982 1174 2282 1225 commisso
2304 1173 2572 1239 pervigili
2604 1187 2758 1235 cura,
2785 1177 2848 1225 ut
2872 1178 3144 1234 tenemur,
3164 1175 3266 1241 vigi-

874 1256 1014 1317 lare,
1057 1257 1400 1309 authoritate
1452 1256 1618 1322 hujus
1674 1257 1823 1308 sacri
1872 1255 2100 1307 concilii
2137 1255 2501 1321 provincialis
2563 1257 2861 1308 statuimus
2906 1260 2965 1309 et
3008 1258 3066 1309 in
3109 1258 3268 1309 virtute

875 1342 1103 1392 sanctae
1138 1340 1492 1392 obedientiae
1527 1353 1592 1391 ac
1624 1339 1727 1391 sub
1761 1351 1947 1404 poena
1978 1339 2574 1391 excommunicationis
2605 1338 2755 1392 latae
2788 1342 3120 1401 sententiae,
3143 1352 3268 1404 quam

874 1436 979 1489 pro
1019 1437 1168 1474 nunc
1204 1424 1376 1488 prout
1409 1435 1478 1473 ex
1511 1423 1662 1479 tunc,
1689 1422 1932 1473 firmiter
1971 1421 2029 1473 in
2064 1420 2154 1471 his
2193 1421 2439 1486 scriptis,
2465 1421 2635 1472 salvis
2678 1421 2806 1473 aliis
2845 1425 3045 1487 poenis
3088 1424 3143 1474 in
3177 1423 3270 1486 jnre

875 1504 1172 1570 expressis,
1209 1504 1557 1567 mandamus,
1599 1517 1670 1555 ne
1705 1503 1911 1568 aliquis
1945 1502 2186 1554 clericus
2227 1501 2314 1555 vel
2349 1502 2527 1555 laicus
2562 1504 2808 1556 scienter
2844 1518 3157 1569 perversam
3189 1503 3272 1554 dic·

874 1588 1064 1639 torum
1081 1585 1323 1643 wiclefi,
1348 1585 1499 1637 Husz
1522 1588 1582 1638 et
1600 1585 1980 1651 Hieronymii,
2000 1587 2099 1636 aut
2120 1599 2318 1637 eorum
2341 1587 2716 1649 sequentium,
2740 1587 2837 1650 qui
2858 1586 3031 1654 vulgo
3062 1587 3272 1640 fluxim

877 1671 1170 1729 vocantur,
1204 1667 1289 1721 vel
1333 1681 1816 1734 quorumcumque
1862 1668 2035 1720 etiam
2080 1667 2321 1719 aliorum
2364 1667 2433 1719 ab
2473 1667 2716 1720 ecclesia
2758 1669 3143 1721 damnatorum
3175 1668 3271 1718 ‹loe-

879 1752 1084 1803 trinam
1129 1753 1397 1816 acceptet,
1433 1764 1616 1814 neque
1667 1749 1830 1815 tales,
1874 1752 1973 1801 aut
2011 1764 2209 1802 eorum
2249 1751 2601 1810 defensore&
2638 1753 2736 1803 aut
2775 1754 3166 1817 receptatores,
3200 1749 3272 1801 aut

880 1834 1115 1886 nuncios
1149 1835 1396 1886 scienter
1418 1834 1487 1884 ad
1511 1847 1614 1884 sua
1635 1832 1882 1898 hospitia
1903 1832 2198 1897 recipiant,
2226 1832 2515 1889 auxilium.
2542 1834 2795 1886 savorem
2817 1834 2907 1886 vel
2933 1834 3271 1887 defensionem

880 1917 1275 1969 administrent
1325 1914 1748 1980 quomodolibet
1787 1913 1874 1967 vel
1918 1915 2201 1966 assistant.
2241 1914 2628 1980 Praecipimus
2673 1916 2909 1981 insuper
2959 1917 3197 1968 omnibus
3232 1914 3273 1964 et

878 1999 1119 2065 singulis
1143 2000 1405 2058 dominis,
1432 1998 1802 2064 temporalem
1823 1998 2275 2063 jurisdictionem
2301 1998 2657 2059 habentibus,
2683 2002 2748 2051 ut
2769 2014 2938 2064 quam
2962 2002 3142 2053 statim
3163 1999 3268 2051 tales

878 2083 937 2133 in
962 2082 1079 2134 suis
1113 2082 1420 2133 territoriis
1455 2082 1651 2133 adesse
1686 2082 1970 2146 noverint,
1995 2079 2149 2146 ipsos
2171 2082 2456 2146 captivent
2489 2085 2549 2134 et
2580 2081 2851 2147 praelatis
2876 2083 2993 2135 suis
3016 2081 3271 2148 superiori·

880 2166 1002 2225 bus,
1041 2165 1111 2216 ad
1146 2178 1287 2228 quos
1321 2165 1539 2229 spectat
1573 2163 1771 2215 talium
1811 2176 2070 2222 examen,
2107 2163 2177 2214 ad
2212 2164 2647 2216 examinandum
2679 2166 2911 2218 eosdem
2955 2162 3271 2231 praesentent

879 2248 940 2300 et
960 2246 1200 2313 quilibet
1222 2260 1419 2299 eorum
1441 2247 1784 2311 praesentet,
1805 2246 1908 2298 sub
1926 2246 2231 2310 praedictis
2249 2247 2476 2311 poenis3
2502 2248 2871 2299 interioribus
2890 2261 3047 2310 vem,
3063 2245 3275 2313 jurisdic-

879 2329 1093 2382 tionem
1133 2343 1244 2381 non
1284 2329 1634 2396 regentibus,
1676 2329 1779 2380 sub
1825 2328 2130 2393 praedictis
2169 2329 2368 2394 poenis
2413 2329 2782 2395 injungimuS,
2809 2333 2873 2381 ut
2915 2331 3183 2396 praefatos
3215 2327 3274 2377 sic

881 2425 1108 2464 errores
1130 2412 1473 2463 seminantes
1497 2412 1618 2463 sine
1644 2410 1916 2462 dilatione
1948 2410 2219 2476 praelatis
2254 2411 2643 2476 superioribus
2668 2413 3022 2472 denuntient.
3047 2413 3093 2464 si
3115 2421 3271 2463 eorum

880 2508 1165 2547 accessum
1188 2494 1478 2545 commode
1503 2493 1713 2546 habere
1736 2494 2019 2558 poterint3
2044 2493 2131 2544 sin
2151 2496 2359 2558 autem,
2383 2494 2668 2559 judicibus
2706 2495 3104 2561 temporalibus
3133 2492 3271 2544 mani·

877 2578 1089 2629 testare
1122 2579 1447 2642 procurent,
1491 2576 1588 2641 qui
1621 2576 1725 2627 sub
1761 2576 1959 2641 poenis
1993 2575 2300 2641 praedictis
2340 2575 2482 2629 tales
2524 2577 2885 2629 denuntiatos
2925 2577 3191 2643 captivent
3214 2576 3270 2633 et,

881 2662 945 2711 ut
986 2660 1328 2725 praefertur,
1372 2659 1627 2725 praelato
1674 2658 1958 2723 superiori
2012 2658 2082 2709 ad
2136 2659 2572 2710 examinandum
2625 2660 2854 2712 eosdem
2907 2659 3109 2724 absque
3151 2666 3276 2709 mora

883 2741 1147 2795 studeant
1166 2742 1530 2808 perscrutari.
1561 2740 1871 2793 Hortamur
1902 2741 2137 2806 insuper
2162 2741 2220 2793 et
2254 2741 2515 2793 omnibus
2548 2755 2683 2794 vere
2717 2741 2977 2795 fidelibus
3012 2744 3069 2795 et
3097 2737 3274 2793 devotis

882 2825 1177 2889 utriusque
1201 2838 1388 2886 sexus,
1409 2826 1466 2876 et
1489 2824 1826 2889 praesertim
1849 2822 2156 2889 religiosis,
2183 2824 2551 2890 injungimuS,
2577 2827 2640 2876 ut
2663 2839 2809 2890 puro
2833 2826 3002 2878 corde
3025 2826 3081 2876 et
3112 2817 3274 2874 humili

884 2907 1088 2972 spiritu
1113 2907 1295 2958 Deum
1317 2906 1761 2971 omnipotentem
1786 2907 2043 2970 exorent,
2070 2907 2149 2969 ut,
2171 2919 2273 2956 sua
2289 2906 2530 2958 inoblita
2545 2907 2816 2968 bonitate,
2836 2909 3050 2960 mentes
3068 2903 3276 2956 fidelium

886 3002 1147 3041 errorum
1170 2989 1342 3040 armis
1365 3002 1500 3040 suae
1521 2987 1977 3053 inexpugnabilis
2002 2988 2291 3052 potentiae
2312 2990 2579 3054 protegat
2602 2991 2661 3041 et
2682 2989 2969 3042 defendat.

1406 3099 1750 3167 Hartzheim,
1763 3099 2007 3152 concilia
2028 3099 2521 3162 Germaniae,dee1
2542 3101 2607 3162 V,
2629 3100 2736 3153 blz.
2753 3101 2973 3152 223-224
2990 3095 3277 3164 (Concilium

1478 3181 1808 3235 Tromense
1827 3180 2193 3250 provinciale.
2214 3198 2364 3235 anno
2388 3182 2844 3249 MGCGOXXIII).

1906 3353 2017 3421 52
2072 3342 2312 3435 (26612).

987 3517 1240 3601 (1426,
1279 3516 1492 3602 April
1547 3516 1656 3600 4,)
1684 3513 2018 3582 ’Βοωααιζ
2073 3517 2554 3596 Aanteekening
2612 3532 2766 3579 over
2813 3517 3195 3597 Jaoquomart
3233 3511 3277 3573 le

893 3618 1126 3693 Phlon‚
1167 3619 1293 3696 die,
1337 3635 1593 3697 wegens
1624 3618 1934 3697 lastering
1966 3633 2090 3679 van
2126 3618 2333 3679 Maria
2365 3615 2850 3696 aangehouden,
2890 3615 3050 3680 voor
3079 3615 3277 3690 baljuw

892 3735 972 3780 en
1004 3718 1355 3796 schepenen
1383 3717 1632 3779 terecht
1663 3716 1851 3779 stond
1877 3733 1956 3778 en
1994 3732 2118 3778 aan
2152 3715 2272 3778 den
2306 3715 2511 3779 deken
2546 3714 2658 3777 der
2690 3714 3108 3778 clu-istenheid
3138 3706 3278 3774 werd

893 3816 1306 3897 uitgeleverd.

952 3952 1318 4016 Jacquemart
1350 3950 1406 4003 le
1439 3950 1644 4012 Phlon‚
1682 3951 1916 4017 sergent
1950 3949 2019 4001 de
2054 3948 2112 3999 la
2143 3959 2539 4015 gouvernance
2575 3949 2646 4001 de
2680 3948 2881 4015 Douay
2922 3953 2980 4002 et
3016 3942 3277 4002 worchias,

893 4037 1044 4088 avoit
1066 4037 1187 4086 este
1209 4034 1316 4085 mis
1339 4034 1665 4099 prisonnier
1697 4046 1771 4085 au
1806 4031 2021 4084 chastel
2056 4034 2091 4085 a
2124 4032 2320 4095 Douay
2354 4043 2458 4095 par
2487 4028 2886 4085 l'ordonnance
2921 4034 2993 4085 du
3018 4022 3283 4084 lienteum

896 4119 966 4170 de
1005 4118 1409 4183 monseigneur
1432 4115 1487 4168 16
1522 4128 1905 4181 gouverneur,
1938 4128 2080 4180 pour
2120 4114 2277 4165 avoir
2313 4111 2475 4178 parle
2514 4113 2904 4167 villainement
2945 4116 3014 4168 de
3050 4114 3102 4167 la
3126 4111 3282 4170 vierge

903 4200 1102 4252 Marle.

965 4282 1037 4334 Se
1069 4283 1159 4334 tut
1190 4282 1368 4333 rendu
1403 4295 1507 4347 par
1539 4280 1682 4333 ledit
1715 4280 2049 4338 lieutenant,
2074 4277 2240 4344 aprez
2273 4275 2607 4342 pluissieurs
2641 4279 2858 4344 debatz‚
2883 4281 2919 4333 a
2950 4279 3005 4333 la
3035 4268 3283 4342 congnoifi‘

895 4377 1066 4416 sance
1082 4365 1295 4417 desdits
1312 4364 1624 4417 eschevins.
1641 4364 1714 4416 Se
1731 4365 1821 4415 tut
1836 4362 2095 4429 callenge
2112 4374 2216 4427 par
2234 4359 2289 4412 le
2306 4360 2481 4427 bailly
2500 4374 2572 4414 en
2590 4361 2759 4422 halle,
2771 4365 3003 4428 present
3019 4354 3282 4416 eschevin&

898 4448 1026 4513 puis
1042 4461 1145 4512 par
1167 4447 1299 4499 eulx
1325 4448 1502 4499 rendu
1528 4461 1597 4498 au
1625 4447 1794 4498 doien
1819 4447 1889 4498 de
1911 4444 2275 4497 chrestiente.

1418 4542 1802 4593 Stadsarchier
1839 4544 1894 4592 te
1939 4538 2189 4600 Dowaai,
2229 4537 2377 4603 Reg.
2421 4536 2539 4603 EE,
2573 4539 2674 4593 tol.
2710 4538 2848 4591 93b¹=
2883 4528 3282 4623 (uittrekselssfn

1485 4624 1608 4674 1551
1645 4638 1926 4690 genomen
1949 4624 2035 4675 uit
2057 4637 2164 4677 een
2186 4623 2334 4693 Reg.
2362 4628 2451 4679 ter
2473 4625 2627 4679 halle
2662 4625 3000 4679 berustende
3027 4637 3092 4677 en
3121 4620 3282 4679 begffl·

1487 4707 1669 4759 nende
1694 4708 1802 4760 den
1832 4706 1865 4757 8
1887 4706 2041 4772 Sept.
2069 4705 2240 4773 1425).
