3526 5522
1199 518 1409 571 ANNO
1451 517 1593 575 1384,
1637 515 1763 568 1388
2641 519 2707 570 47

289 679 470 745 publice
506 694 616 746 per
659 680 880 745 plateas
926 682 1206 733 auderent
1249 681 1539 733 incedere.
1578 680 1690 732 Sed
1725 680 2023 740 Dominus,
2068 693 2181 731 non
2228 679 2438 730 oblitus
2491 679 2709 732 familie

290 776 368 813 sue
405 763 778 825 defensorum,
828 762 915 814 illi
960 764 1212 828 providit
1255 763 1558 827 quendam,
1599 761 1871 827 videlicet
1911 762 2206 813 scabinum
2246 761 2439 826 oppidi
2484 762 2709 813 Dauen-

290 845 493 905 triensis.
515 845 766 909 probum
790 847 850 896 et
874 846 995 897 Deo
1033 846 1306 898 deuotum
1331 858 1397 895 ac
1420 846 1602 895 eciam
1638 843 1926 895 communi
1946 841 2103 907 plebi
2124 843 2513 896 venerabilem
2537 845 2708 906 atque

287 928 646 988 reuerendum,
709 927 1036 980 ,Iohannem
1094 928 1185 978 ter
1233 927 1449 977 Porten
1475 927 1549 990 (l)
1594 925 1915 991 vulgariter
1960 924 2331 991 appellatum,
2378 927 2475 989 qui
2525 926 2706 976 eciam

287 1021 371 1058 sua
404 1009 679 1072 probitate
727 1011 787 1060 et
831 1008 1119 1060 industria
1162 1007 1471 1073 plerosque
1512 1007 1655 1058 alios
1700 1008 1856 1057 viros
1903 1020 1969 1057 ac
2014 1006 2288 1059 mulieres
2333 1008 2404 1058 ad
2447 1009 2710 1059 fauorem

291 1091 337 1140 et
354 1089 699 1142 dilectionem
725 1090 1064 1142 deuotorum
1098 1089 1373 1141 facillime
1394 1089 1720 1147 inducebat,
1747 1089 1954 1153 quibus
1979 1089 2160 1139 eciam
2182 1088 2493 1154 populares
2519 1089 2707 1149 turbe,

288 1173 506 1234 permota
544 1173 792 1235 inuidia,
835 1172 1213 1237 opprobriosa
1256 1170 1534 1222 vocabula
1576 1171 1964 1235 imponebant.
2011 1170 2096 1221 De
2133 1170 2169 1221 J
2175 1170 2402 1222 ohanne
2445 1185 2583 1222 vero
2622 1173 2714 1222 ter

291 1251 467 1304 Porten
488 1255 749 1319 predicto
776 1254 1043 1305 dicebant
1064 1254 1396 1314 irridenteS,
1416 1253 1568 1316 quod
1590 1266 1739 1317 papa
1761 1254 1821 1304 et
1843 1252 2102 1316 pontifex
2128 1254 2281 1304 esset
2298 1252 2713 1309 Lollardorum,

289 1334 435 1399 euius,
456 1336 562 1386 nisi
599 1336 918 1387 munimine
953 1336 1422 1399 defenderentur,
1451 1335 1626 1400 digna
1647 1334 1872 1386 meritis
1898 1335 2017 1385 suis
2055 1335 2321 1386 incendia
2343 1348 2457 1385 non
2480 1336 2717 1399 possent

289 1416 513 1467 euadere.
572 1416 813 1469 Talibus
868 1417 1153 1481 siquidem
1209 1415 1507 1482 dyabolus.
1568 1417 1828 1467 omnium
1886 1415 2169 1467 bonorum
2227 1430 2454 1481 exosor‚
2512 1419 2715 1468 exorta

290 1497 522 1549 virtutum
561 1500 830 1564 germina
874 1500 1201 1564 opprimere
1246 1498 1558 1560 nitebatur,
1613 1498 1713 1549 sed
1757 1496 2134 1562 Omnipotens
2180 1512 2314 1549 suos
2361 1512 2474 1549 non
2514 1511 2714 1562 passus

291 1584 362 1632 est
392 1583 776 1642 exterminari,
818 1583 938 1645 sed,
983 1584 1194 1646 quanto
1240 1581 1370 1647 plus
1419 1580 1910 1646 opprimebantur,
1954 1582 2114 1632 tanto
2155 1580 2400 1646 amplius
2446 1579 2716 1645 multipli-

294 1663 550 1716 cabantur.

796 1747 913 1798 Vita
947 1746 1285 1799 venerabilis
1317 1745 1559 1798 loannis
1596 1745 2025 1802 Brinckerinck,
2065 1746 2178 1797 HS.
2217 1746 2321 1797 der
2344 1745 2722 1809 Koninkliike

852 1828 1219 1879 Bibliotheek
1255 1830 1310 1879 te
1351 1826 1582 1878 Brussel
1607 1836 1668 1877 nr
1689 1825 2000 1885 8849-8859‚
2026 1827 2129 1877 fol.
2155 1826 2218 1877 28
2242 1830 2400 1878 recto
2426 1841 2496 1878 en
2522 1841 2720 1889 vers03

849 1909 1159 1975 afgedrukt
1213 1910 1290 1974 δῇ
1351 1910 1421 1961 D.
1475 1913 1537 1959 A.
1586 1908 1962 1966 Brinkerink‚
2011 1908 2092 1959 De
2138 1930 2163 1950 u
2218 1907 2342 1960 Vita
2386 1907 2725 1961 venerabilis

852 1991 1092 2043 loannis
1120 1990 1532 2042 Brinckerinck
1558 2013 1606 2047 n,
1644 1990 1703 2041 in
1742 1990 1843 2041 het
1876 1988 2105 2042 Nederl.
2136 1988 2519 2057 Archiefvoor
2543 1988 2722 2041 Kerk-

848 2070 1255 2138 9esch2'edenis,
1303 2071 1430 2123 deel
1478 2072 1503 2123 I
1550 2070 1745 2139 (1901),
1790 2071 1898 2123 blz.
1943 2070 2185 2122 326-327.
2210 2072 2520 2123 -Verder
2564 2072 2725 2122 vindt

853 2169 983 2206 men
1044 2168 1158 2221 nog
1214 2168 1359 2206 eene
1414 2153 1898 2218 schilderachtige
1954 2153 2383 2217 bijzonderheid
2440 2167 2578 2205 over
2633 2154 2725 2204 die

850 2236 1363 2302 verdachtmaking
1393 2250 1501 2287 van
1539 2235 1791 2299 ketterii.
1818 2236 2156 2286 waaronder
2190 2236 2260 2287 de
2297 2236 2582 2286 Broeders
2616 2249 2724 2286 van

857 2318 958 2369 het
991 2319 1275 2370 Gemeene
1311 2318 1500 2370 Leven
1538 2319 1622 2368 tot
1656 2318 1715 2368 in
1751 2316 1794 2367 ’t
1825 2317 1999 2383 begin
2037 2318 2140 2369 der
2176 2317 2291 2367 151¹·
2325 2331 2486 2369 eeuw
2529 2318 2605 2381 bU
2656 2318 2725 2368 de

857 2402 1192 2451 onwetende
1239 2402 1541 2465 gemeente
1587 2402 1644 2451 te
1691 2398 1867 2462 lijden
1917 2399 2178 2450 hadden:
2224 2419 2249 2440 u
2277 2398 2416 2450 Cum
2458 2398 2529 2465 [c.
2575 2397 2724 2465 1419]

858 2483 1049 2532 autem
1095 2483 1380 2533 senuisset
1437 2482 1636 2544 [frater
1689 2479 1986 2532 Johannes
2045 2480 2484 2547 Brinckerinck]
2543 2483 2602 2533 et
2652 2495 2722 2533 ex

857 2561 1120 2627 pluribus
1161 2562 1453 2614 laboribus
1494 2561 1823 2614 debilitatus
1858 2564 2030 2620 esset.
2067 2563 2362 2625 equitabat
2396 2562 2729 2627 aliquande,

860 2644 962 2695 sed
995 2644 1381 2707 frequencius,
1420 2645 1554 2707 quia
1587 2643 1940 2709 religiosiuS,
1977 2657 2215 2694 carruca
2248 2644 2320 2694 ad
2361 2643 2722 2708 Diepenveen

864 2727 1194 2785 vehebatur,
1233 2726 1676 2779 acclamantibus
1717 2725 2004 2791 aliquibus
2044 2725 2391 2778 mechanicis
2425 2727 2485 2777 in
2520 2725 2728 2792 plateis

859 2809 930 2860 ad
953 2810 1213 2874 aurigam
1235 2810 1295 2860 in
1320 2810 1666 2861 derisionem
1691 2809 1888 2859 deuoti
1910 2809 2091 2873 patris
2117 2824 2130 2859 ε
2172 2830 2196 2849 ι·
2224 2808 2347 2868 Quo
2381 2810 2492 2860 iam
2516 2810 2727 2860 vehitis

867 2891 1196 2942 Lollardum
1241 2892 1450 2942 istum?
1497 2890 1719 2942 Vertite
1768 2891 1959 2956 bigam
2006 2892 2065 2941 et
2106 2889 2412 2954 dyabolum
2455 2893 2628 2942 istum
2668 2891 2729 2943 in

867 2972 1101 3023 Ysulam
1125 2972 1348 3025 vehite!
1379 2995 1403 3016 n
1432 2972 1553 3032 Que
1577 2972 1891 3036 opprobria
1907 2974 2023 3023 tam
2042 2973 2337 3023 mansuete
2361 2975 2419 3024 et
2437 2974 2731 3037 pacienter

862 3054 1117 3119 pertulit,
1146 3055 1308 3119 quasi
1333 3054 1403 3106 de
1428 3053 1542 3105 alio
1568 3057 1628 3106 et
1652 3068 1765 3105 non
1792 3055 1863 3106 de
1887 3068 1950 3105 se
1975 3054 2129 3104 dicta
2148 3054 2411 3106 fuissent.
2444 3079 2466 3096 ··
2495 3054 2639 3116 (Fol.
2667 3053 2732 3104 40

864 3139 1023 3187 recto
1085 3149 1192 3187 van
1249 3136 1349 3187 het
1406 3134 1750 3188 Brusselsch
1808 3134 2203 3197 handschrift3
2264 3133 2409 3189 Ned.
2476 3134 2733 3202 Archias,

863 3217 969 3268 blz.
997 3216 1138 3280 350.)

1310 3405 1420 3470 es
1472 3399 1698 3488 (235⁴).

382 3606 593 3676 1388,
629 3599 711 3663 in
737 3600 878 3666 alle
904 3598 1194 3666 landen.
1226 3603 1578 3665 Uittreksel
1605 3605 1700 3666 uit
1725 3602 1804 3667 de
1837 3601 2259 3684 gelijktijdige
2291 3605 2738 3669 Doorniksche

295 3692 681 3780 Chronique
746 3697 869 3763 des
938 3699 1328 3781 Pays-BaS,
1402 3698 1489 3765 de
1561 3699 1871 3776 Fumea,
1947 3700 2445 3786 d'Anyleterre
2520 3706 2586 3767 et
2652 3703 2740 3768 de

297 3791 606 3861 ihm-nai
639 3797 1025 3860 betreffende
1059 3799 1136 3861 de
1170 3799 1702 3878 onderdrukking
1751 3817 1879 3862 van
1931 3799 2009 3861 de
2054 3800 2422 3864 kettersche
2458 3802 2740 3879 preeken

289 3891 388 3954 der
433 3896 902 3958 Dominikaner
961 3897 1338 3971 monniken,
1404 3898 1507 3960 die
1563 3898 1642 3960 de
1700 3896 2084 3960 onbevlekte
2146 3901 2570 3977 ontvangenis
2627 3900 2743 3962 der

294 3991 364 4053 H.
390 3994 629 4073 Maagd
665 3993 1088 4056 loochenden.

351 4127 507 4181 Cedit
528 4143 603 4180 an
644 4128 766 4192 [mil
789 4138 884 4181 11³0
908 4138 1065 4182 nun
1085 4132 1145 4181 et
1165 4131 1312 4193 vnn,
1335 4130 1419 4183 les
1442 4132 1757 4197 Jaooppins
1781 4134 1852 4184 de
1880 4133 2008 4184 tous
2031 4147 2175 4198 pays
2198 4136 2394 4186 furent
2428 4134 2747 4198 escachies,

291 4221 423 4271 pour
463 4226 531 4264 ce
572 4224 692 4275 que
722 4210 796 4261 ilz
827 4211 1217 4278 preischoient
1251 4214 1310 4264 et
1343 4215 1740 4266 soustenoient
1774 4228 1884 4279 que
1918 4215 1975 4266 la
2008 4215 2174 4282 virge
2216 4217 2398 4270 Marie
2432 4219 2586 4271 avoit
2620 4222 2745 4273 este

302 4457 608 4589 bl(l)l(l)ver
648 4456 763 4509 Jan
801 4459 892 4510 ter
932 4459 1203 4519 Poorten,
1241 4460 1327 4513 zie
1362 4460 1635 4521 Dumbar,
1675 4459 1962 4522 Analecta,
1999 4461 2127 4514 deel
2162 4462 2192 4515 1
2228 4464 2540 4528 (Deventer
2578 4464 2747 4533 1719).

352 4552 395 4589 z.
495 4575 510 4591 .
