3526 5522
1347 591 1752 651 AANHANGS
1765 593 1859 650 EL
2738 596 2834 652 165

1384 802 1550 870 144
1600 794 1859 888 (ψη).

481 1010 699 1082 1346,
762 1002 1089 1070 Januari
1141 1011 1260 1080 23,
1328 1000 1683 1089 Aviynon.
1734 1003 1856 1066 Bul
1931 1019 2059 1066 van
2133 1020 2293 1082 paus
2371 1006 2658 1067 Clemens
2708 1004 2821 1080 VI,

375 1106 648 1183 waarbij
700 1105 790 1184 hij
842 1106 966 1168 den
1013 1107 1242 1168 cantor
1273 1102 1388 1166 der
1421 1106 1515 1166 St.
1555 1101 1971 1167 Gudulakerk
2003 1106 2069 1165 te
2102 1102 2359 1166 Brussel
2393 1102 2663 1176 beveelt‚
2705 1119 2830 1165 aan

376 1207 454 1269 de
501 1205 857 1268 infit-merie
906 1220 1031 1266 van
1081 1203 1193 1267 het
1241 1202 1582 1282 Begijnhof
1629 1218 1756 1265 van
1790 1201 2272 1266 Dendermonde
2304 1201 2382 1265 de
2415 1201 2731 1282 goederen
2767 1203 2832 1263 te

376 1306 543 1369 doen
575 1303 1031 1384 terugkeeren,
1072 1303 1174 1366 die
1208 1319 1406 1366 ervan
1438 1302 1698 1366 werden
1730 1302 2123 1364 vervreemd.

435 1442 707 1496 Clemens
725 1442 1043 1508 episcopus,
1062 1454 1258 1493 servus
1277 1453 1571 1493 servorum
1589 1440 1714 1501 Dei,
1743 1439 1951 1491 dilecto
1975 1439 2094 1492 filio
2119 1440 2338 1493 cantori
2361 1439 2603 1493 ecclesie
2626 1439 2832 1493 Sancte

372 1524 596 1578 Gudule
620 1523 1035 1589 Bruxeliensis,
1060 1522 1485 1576 Cameracensis
1508 1522 1808 1584 dioecesis,
1834 1521 2076 1576 salutem
2099 1525 2158 1577 et
2179 1522 2548 1589 apostolicam
2573 1523 2836 1576 benediee

377 1608 626 1661 tionem.
663 1626 670 1633 ·

437 1691 802 1744 Dilectorum
825 1689 1077 1742 filiorum
1098 1689 1458 1755 provisorum
1481 1701 1548 1741 ac
1572 1687 1909 1742 dilectarum
1933 1688 1993 1740 in
2014 1689 2240 1743 Christo
2264 1688 2511 1742 filiarum
2533 1689 2835 1756 magistra·

375 1787 507 1827 rum
532 1775 596 1827 et
621 1785 885 1825 sororum
905 1771 1221 1825 infirmarie
1244 1785 1558 1838 pauperum
1580 1785 1723 1825 nove
1746 1772 1926 1825 curtis
1951 1771 2340 1839 Beghinarum
2373 1771 2835 1825 Tenremonden-

372 1858 543 1917 simn,
584 1855 1011 1909 Cameracensis
1052 1855 1314 1915 diocesis,
1349 1868 1455 1920 per
1498 1855 1825 1921 provisores
1863 1856 1924 1909 et
1961 1855 2267 1923 magistras
2306 1857 2366 1908 et
2404 1868 2633 1908 sorores
2667 1852 2837 1906 solite

373 1939 717 2007 gubernari,
740 1938 1006 2005 precibus
1027 1936 1310 1997 inclinati,
1326 1937 1681 2004 presentium
1703 1937 1810 1990 tibi
1832 1938 2170 1991 auctoritate
2188 1938 2538 2000 mandamus,
2567 1936 2835 2002 quatinus

375 2036 465 2082 ea,
507 2034 662 2088 qnae
713 2021 784 2072 de
824 2020 989 2073 bonis
1045 2021 1116 2072 ad
1158 2021 1342 2085 ipsam
1387 2019 1760 2073 infirmariam
1806 2034 2121 2087 pauperum
2159 2020 2546 2087 spectantibus
2591 2018 2842 2071 alienata

372 2104 675 2159 inveneris
717 2102 920 2156 illicite
957 2101 1046 2156 vel
1085 2103 1376 2163 distracta,
1420 2103 1490 2155 ad
1532 2103 1626 2169 J’us
1668 2105 1727 2156 et
1770 2104 2179 2169 proprietatem
2226 2104 2481 2157 eiusdem
2525 2102 2839 2154 infirmarie

373 2187 645 2255 legitime
661 2198 931 2239 revocare
949 2196 1239 2252 procures,
1260 2186 1710 2240 contradictores
1728 2200 1835 2252 per
1851 2201 2150 2240 censuram
2169 2185 2627 2246 ecclesiasticam,
2650 2184 2842 2252 appel·

375 2271 600 2323 latione
639 2269 975 2335 postposita,
1011 2269 1450 2335 compescend03
1492 2270 1668 2322 testes
1710 2273 1918 2331 autem,
1962 2271 2061 2335 qui
2099 2270 2317 2322 tuerint
2354 2269 2650 2329 nominati,
2686 2268 2737 2320 si
2775 2281 2839 2320 se

378 2354 593 2422 gratia,
623 2352 755 2405 odio
803 2350 894 2404 vel
935 2351 1141 2404 timore
1180 2352 1589 2413 subtraxerint,
1622 2365 1866 2405 censura
1903 2353 2097 2415 simili,
2138 2351 2521 2419 appellatione
2557 2351 2839 2414 cessante,

377 2434 699 2502 compellas
720 2434 952 2488 veritati
970 2434 1360 2487 testimonium
1381 2433 1709 2501 perhibere.

447 2519 667 2571 Datum
687 2515 990 2583 Avinione,
1013 2516 1067 2569 X
1084 2515 1201 2569 kal.
1228 2514 1592 2585 Februariffi,
1617 2518 1979 2583 pontificatus
2004 2519 2185 2571 nostri
2209 2531 2357 2571 anno
2376 2518 2594 2583 quinto.

915 2632 1155 2687 Archiei'
1187 2635 1289 2685 der
1323 2632 1689 2700 Burgerlijke
1729 2633 2085 2689 Godshuizen
2125 2635 2182 2688 te
2221 2635 2677 2694 Dendermonde‚
2715 2648 2842 2687 oor·

982 2715 1340 2784 spronkelijk
1377 2717 1511 2771 stuk
1546 2731 1619 2783 op
1652 2717 2009 2784 perkament,
2045 2717 2308 2772 voorzien
2348 2731 2456 2771 van
2496 2716 2597 2772 het
2633 2716 2841 2771 looden

981 2799 1263 2865 pauselljk
1297 2800 1485 2867 zegel;
1522 2801 1832 2868 atgedrukt
1862 2801 1938 2865 bij
1973 2800 2029 2853 J.
2057 2800 2427 2862 Broeckaert‚
2450 2798 2841 2855 Canulei-ium

871 2940 880 2950 ,
983 2896 1096 2935 van
1112 2879 1203 2933 het
1226 2880 1652 2949 Beyiinhofvan
1677 2881 2123 2945 Dendermonds,
2148 2893 2211 2937 nr
2225 2882 2434 2945 XXIV,
2451 2882 2561 2936 blz.
2578 2882 2753 2936 30031.
2771 2909 2839 2922 —

982 2963 1273 3017 Alhoewel
1309 2965 1620 3032 gedateerd
1644 2965 1701 3018 X
1724 2965 1842 3019 kal.
1874 2965 2186 3029 Februarii,
2211 2966 2454 3035 plaatste
2477 2967 2547 3020 de
2582 2965 2840 3033 uitgever

981 3046 1080 3099 het
1103 3046 1235 3099 stuk
1259 3047 1683 3114 verkeerdelljk
1707 3063 1779 3116 op
1806 3049 2097 3103 Febr-uari.

1407 3247 1569 3314 145
1618 3239 1853 3332 (851212).

501 3451 716 3525 1470,
749 3443 897 3512 Mei
923 3452 989 3524 5,
1019 3445 1261 3513 Rome.
1293 3447 1415 3510 Bul
1439 3464 1566 3511 van
1591 3465 1751 3527 paus
1776 3447 2016 3511 Paulus
2039 3448 2124 3524 H,
2155 3448 2403 3528 gerieht
2432 3452 2527 3513 tot
2551 3448 2837 3524 Willem,

390 3549 696 3628 bisschop
729 3565 856 3611 van
888 3545 1204 3624 Doornik‚
1245 3546 1511 3626 waarbij
1564 3547 1652 3627 hij
1704 3547 1854 3609 hcm
1903 3548 2111 3627 gelast
2159 3551 2291 3611 met
2331 3565 2448 3611 een
2483 3547 2843 3612 onderzoek

389 3652 585 3730 tegen
617 3648 696 3712 de
726 3647 997 3723 kettem,
1038 3646 1141 3710 die
1172 3648 1240 3709 in
1272 3646 1398 3709 den
1429 3646 1658 3710 schoot
1694 3647 1809 3710 der
1840 3649 2247 3711 Leuvensehe
2286 3647 2730 3727 Hoogeschool
2766 3665 2844 3711 en

391 3751 462 3813 in
495 3746 900 3827 omliggende
933 3746 1224 3825 plaatsen
1256 3745 1469 3809 sedert
1500 3762 1617 3809 een
1647 3746 1879 3809 viertal
1909 3748 2098 3824 jaren
2128 3746 2345 3810 hunne
2375 3746 2677 3826 delingen
2701 3763 2847 3811 ver-

394 3847 717 3927 spreiden.
764 3879 848 3892 —
888 3847 1165 3908 Daartoe
1197 3845 1483 3908 verleent
1513 3844 1593 3907 de
1624 3861 1786 3923 paus
1819 3845 1965 3909 hem
1998 3847 2062 3908 al
2105 3845 2184 3909 de
2232 3862 2502 3926 gewone
2547 3846 2850 3910 machten

397 3948 511 4010 der
569 3944 889 4010 Luiksche
942 3944 1381 4024 inquisiteurS.
1444 3945 1665 4008 tevens
1721 3945 1845 4008 den
1892 3945 2271 4025 inquisiteur
2319 3945 2432 4009 der
2479 3943 2849 4025 geestelijke

397 4045 731 4126 provincie
777 4044 1025 4107 Keulen
1058 4043 1398 4106 bevelende
1429 4042 1578 4106 hem
1612 4045 1943 4124 geenszins
1974 4046 2041 4108 te
2073 4044 2563 4111 dwarsboomen
2596 4062 2676 4108 en
2710 4062 2849 4109 ver-

397 4144 710 4209 klarende
754 4142 867 4207 dat
914 4143 1041 4205 alle
1085 4143 1510 4207 voorrechten
1558 4144 1671 4206 der
1719 4144 2168 4224 Hoogeschool
2215 4146 2285 4208 in
2325 4144 2476 4209 deze
2522 4144 2689 4210 zaak
2720 4162 2847 4210 van

399 4262 633 4326 gesner
663 4242 926 4309 waarde
957 4243 1146 4321 tegen
1175 4241 1306 4321 siin
1339 4242 1702 4306 onderzoek
1735 4243 1948 4307 zullen
1979 4244 2106 4323 zijn
2135 4247 2204 4308 te
2237 4244 2491 4308 achten.

464 4383 680 4438 Paulus
713 4384 822 4437 etc.
848 4381 1161 4435 venerabili
1193 4381 1363 4435 fratri
1396 4380 1719 4443 Guillelmo‚
1745 4384 2012 4450 episcopo
2050 4383 2417 4447 Tornacensi,
2452 4383 2714 4445 salutem,
2740 4385 2850 4438 etc.

463 4465 581 4520 Pro
605 4465 840 4519 humani
863 4465 1094 4533 generis
1114 4465 1509 4532 redemptione
1533 4466 1605 4520 de
1627 4466 1862 4520 summis
1885 4466 2139 4520 celorum
2160 4468 2232 4519 ad
2254 4468 2371 4520 ima
2390 4468 2587 4520 mundi
2611 4469 2845 4521 descen-

402 4548 560 4612 dens,
602 4549 842 4601 mortem
882 4548 1110 4599 tandem
1149 4547 1382 4601 subiens
1420 4549 1813 4616 temporalem.
1856 4549 1963 4601 Dei
1994 4547 2178 4602 Filius
2214 4549 2426 4602 Jhesus
2462 4549 2740 4610 Christus,
2777 4561 2849 4602 ne

404 4644 642 4699 gregem
675 4631 765 4683 sui
795 4630 986 4697 pretio
1020 4630 1315 4698 sanguinis
1353 4630 1596 4700 gloriosi
1627 4632 2004 4698 redemptum,
2031 4645 2368 4686 ascensurus
2399 4634 2531 4699 post
2560 4644 2847 4686 resurrec-

407 4715 621 4767 tionem
672 4713 743 4765 ad
788 4713 1037 4774 Patrem,
1085 4714 1298 4778 absque
1340 4715 1572 4782 pastore
1617 4715 1927 4775 desereret,
1976 4714 2155 4782 ipsius
2200 4729 2395 4769 curam
2446 4715 2614 4768 beato
2668 4713 2845 4767 Petro
