3526 5522
803 533 868 585 48
1658 533 1865 587 ANNO
1903 530 2047 592 1388,
2090 531 2238 592 1390,
2279 532 2406 584 1398

803 697 1081 760 concupte
1116 708 1188 747 en
1222 693 1426 759 pechie
1461 694 1726 761 originel,
1753 697 1813 747 et
1846 708 1956 759 que
1981 709 2044 748 se
2067 696 2214 747 ainsi
2237 710 2309 747 ne
2332 695 2484 748 euist
2515 696 2659 761 este,
2683 694 2796 748 elle
2821 708 2893 748 ne
2916 695 3065 749 euist
3085 694 3228 760 point

810 779 980 843 porte
1002 775 1057 827 16
1081 777 1473 840 Redempteur
1496 777 1571 828 du
1595 777 1825 828 monde.

1330 905 1648 976 Chronique
1691 907 1791 960 des
1845 905 2026 976 Pays·
2007 911 2165 974 -Bas,
2223 909 2292 962 de
2350 910 2586 974 statice,
2645 907 3029 976 d'Anqlcoerre
3084 915 3135 961 σε
3180 906 3236 959 de

1404 989 1671 1055 Tournai,
1695 990 1772 1054 bi]
1798 990 1854 1042 J.
1879 990 1937 1043 J.
1960 991 2044 1043 De
2069 991 2242 1055 Smet,
2273 990 2484 1060 Corpus
2504 989 2898 1044 chronieorum
2926 989 3232 1046 menariae.

1396 1072 1526 1123 deel
1567 1071 1674 1132 111.
1716 1071 1826 1123 blz.
1865 1072 1981 1123 284.
2022 1100 2089 1111 -
2124 1073 2390 1138 Meyerus
2429 1073 2768 1138 benuttigde
2806 1073 2941 1125 deze
2977 1071 3155 1138 plaats
3189 1072 3236 1122 in

1395 1153 1539 1217 zijne
1574 1152 1825 1206 Annales
1859 1155 2228 1219 (Antwerpen
2265 1154 2436 1220 1561),
2472 1153 2575 1206 tol.
2611 1153 2709 1205 209
2742 1156 2923 1214 recto.
2959 1153 3042 1206 als
3061 1153 3239 1219 volgt.

1397 1254 1423 1277 α
1475 1234 1734 1299 Scriptor
1781 1235 2162 1288 Tornacensis
2208 1235 2417 1287 author
2470 1238 2577 1296 est.
2636 1236 2746 1287 hoc
2802 1250 2951 1287 anno
3009 1234 3085 1302 [M
3129 1233 3238 1286 CCC

1400 1315 1768 1384 LXXXVIII]
1794 1315 1989 1382 pulsos
2023 1318 2203 1369 tuisse
2228 1316 2424 1369 multis
2459 1331 2530 1370 ex
2565 1317 2706 1369 locis
2742 1317 3049 1369 monachos
3072 1316 3240 1368 Domi·

1402 1399 1659 1460 nicanos,
1684 1400 1997 1463 propterea
2030 1400 2180 1462 quod
2204 1402 2652 1465 perseuerarent
2672 1400 2733 1450 in
2757 1399 3122 1451 concionibus
3143 1398 3240 1450 suis

1397 1493 1657 1532 asserere
1693 1481 2001 1546 Deiparam
2034 1480 2332 1547 Virginem
2367 1484 2701 1547 conceptam
2722 1482 2905 1534 tuisse
2937 1481 2998 1532 in
3029 1482 3236 1546 peccato

1398 1562 1669 1628 originali
1730 1563 2123 1626 adderantque
2190 1562 2407 1628 alioqui
2469 1563 2837 1615 Seruatorem
2899 1563 3091 1615 mundi
3143 1575 3236 1612 non

1400 1644 1655 1708 potuisse
1689 1644 2015 1709 concipere,
2052 1657 2167 1708 qua
2200 1647 2390 1697 tamen
2425 1644 2672 1698 stultitia.
2703 1646 2890 1697 coacti
2921 1647 3081 1698 fuere
3112 1643 3235 1696 desi-

1401 1727 1575 1779 stere.
1606 1749 1632 1772 η

1842 1928 1953 1993 39
2006 1921 2227 2008 (235⁵).

907 2128 1122 2198 1390,
1170 2121 1458 2189 October
1492 2130 1562 2201 5,
1607 2125 1929 2208 leperen.
1965 2126 2319 2190 Uittreksel
2354 2129 2449 2190 uit
2476 2144 2593 2189 een
2622 2126 3066 2206 stadsregister
3096 2139 3231 2187 over

800 2223 880 2285 de
913 2224 1402 2302 veroordeeling
1432 2241 1560 2286 van
1610 2227 1871 2287 Hannin
1918 2229 2101 2304 Roey
2133 2242 2393 2304 wegens
2444 2226 2943 2304 godslastering.
3007 2257 3084 2270 -
3136 2221 3223 2297 Hij

800 2320 981 2383 werd
1012 2322 1430 2384 veroordeeld
1463 2339 1571 2385 om
1603 2324 1671 2383 in
1706 2323 1785 2385 de
1816 2323 2100 2401 Ieperlee
2141 2323 2519 2403 gedompeld
2550 2325 2617 2385 te
2650 2323 2919 2387 worden
2968 2339 3047 2385 en
3090 2334 3230 2383 voor

799 2421 969 2482 twee
992 2422 1143 2497 jaar
1180 2419 1535 2498 gebennen.

1178 2589 1469 2657 Merkedy,
1487 2592 1632 2659 jour
1666 2590 1736 2644 de
1762 2591 1932 2659 plait,
1969 2590 2071 2645 lan
2103 2593 2254 2653 1890,
2290 2591 2343 2646 le
2374 2594 2431 2642 6·
2453 2594 2595 2656 jour
2627 2590 2901 2645 doctobre.

867 2719 1098 2773 Hannin
1121 2720 1307 2787 Roey,
1343 2721 1529 2775 varlet
1562 2724 1638 2775 du
1673 2723 1887 2779 mestre
1922 2724 2024 2778 des
2059 2724 2353 2785 asserens,
2378 2725 2441 2778 fu
2472 2724 2663 2791 jugiet
2684 2721 2978 2775 dameneir
2999 2733 3034 2774 a
3055 2718 3228 2785 quau-e

799 2803 1009 2855 hueres
1033 2805 1201 2868 apres
1236 2804 1402 2856 diner
1435 2818 1541 2869 par
1574 2804 1630 2857 le
1664 2808 1834 2858 conte
1869 2806 1971 2858 des
2004 2806 2243 2868 Ribaus,
2280 2806 2423 2859 loiet
2456 2808 2607 2859 dune
2640 2805 2834 2868 corde,
2872 2806 2943 2858 de
2974 2803 3031 2856 16
3062 2802 3230 2869 prison

796 2885 1034 2949 iusques
1075 2899 1147 2937 au
1185 2886 1339 2950 pond
1379 2885 1811 2954 dElverdinghe
1845 2890 1905 2940 et
1941 2888 2151 2951 dycelli
2186 2890 2340 2953 pond
2370 2889 2522 2954 jeter
2559 2902 2632 2940 en
2667 2887 2918 2953 lYppr03
2953 2887 3014 2940 et
3042 2887 3101 2937 tu
3125 2882 3228 2948 jeta

804 2966 1037 3027 dedens,
1075 2968 1136 3017 et
1168 2981 1344 3019 aveuc
1377 2981 1444 3019 ce
1477 2968 1540 3018 tu
1575 2969 1781 3020 bannis
1804 2969 1836 3019 2
1859 2983 1962 3021 ans
1985 2969 2123 3020 hors
2148 2968 2203 3021 le
2225 2983 2367 3035 pays
2403 2970 2473 3022 de
2508 2969 2807 3030 Flandres,
2833 2982 2971 3019 sour
3000 2966 3056 3019 16
3077 2964 3228 3032 gibet.

798 3060 948 3112 pour
992 3047 1300 3108 horribles,
1344 3049 1701 3113 despiteuses
1747 3049 1978 3114 paroles
2024 3051 2083 3102 et
2124 3049 2389 3102 villeines
2433 3050 2794 3102 maudissons
2836 3048 2958 3113 quil
3000 3045 3147 3113 parls
3179 3044 3231 3096 et

803 3128 1023 3179 mandit
1056 3142 1262 3181 envers
1296 3132 1493 3183 nostre
1526 3131 1804 3197 seigneur
1832 3130 2017 3184 Jhesu
2042 3130 2195 3183 Crist
2227 3134 2287 3184 et
2320 3133 2721 3185 nostre‘Dtme
2754 3144 2819 3183 sa
2851 3132 3029 3196 mere,
3051 3142 3115 3182 en
3140 3138 3231 3177 son

797 3210 897 3274 jeu
922 3210 1024 3261 des
1048 3209 1231 3263 tables
1253 3225 1354 3262 sur
1376 3210 1608 3264 lesoole.

1331 3325 1722 3378 Stadsarchiet
1754 3327 1814 3378 te
1848 3327 2112 3392 leperen,
2147 3328 2297 3394 Reg.
2333 3327 2635 3382 Diversche
2666 3329 2975 3381 memor-im
3004 3321 3221 3379 mdaba-

1395 3408 1592 3539 ἷοιῖεὲῗ
1616 3404 1958 3473 yhetrocken
1980 3416 2152 3462 auten
2170 3408 2354 3475 serien
2378 3423 2490 3463 van
2508 3424 2539 3462 a
2553 3405 2898 3463 Wmdachs
2913 3398 3227 3475 ,quadiu-ahc.

1421 3502 1454 3539 o
1482 3524 1497 3540 .
1594 3529 1607 3542 .

1812 3689 1927 3755 40
1976 3679 2260 3776 (24200).

905 3849 1119 3960 1398,
1175 3885 1487 3970 Bruyye.
1537 3888 1586 3948 U
1590 3887 1884 3949 ittreksel
1921 3889 2018 3949 uit
2050 3887 2129 3949 de
2164 3886 2481 3965 rekening
2512 3903 2641 3949 van
2675 3885 2799 3948 den
2834 3885 3055 3948 schout
3087 3894 3226 3944 over

799 3982 875 4142 <Ze
924 3962 1158 4045 kosten
1206 4000 1333 4046 van
1382 3985 1494 4047 het
1545 3985 1947 4047 verbranden
1997 4002 2124 4047 van
2186 3984 2421 4046 Michel
2486 3984 2548 4046 le
2596 3984 2777 4046 Divel
2830 3981 2930 4048 du
2973 3977 3104 4056 fait
3141 3971 3222 4039 de

849 4077 1164 4164 ouyerie.

869 4219 959 4270 Au
994 4218 1256 4282 pendent
1283 4232 1432 4282 pour
1453 4220 1610 4274 taire
1645 4219 1703 4273 la
1733 4221 1944 4285 justice
1979 4222 2052 4274 de
2088 4219 2299 4273 Michel
2327 4220 2384 4272 le
2408 4219 2594 4281 Divel,
2631 4219 2825 4285 lequel
2847 4222 2911 4272 tu
2932 4230 3020 4271 ars
3040 4215 3106 4265 du
3132 4209 3231 4262 fait

809 4299 882 4350 de
904 4299 1202 4364 bougerie‚
1230 4300 1311 4365 iiij
1340 4298 1407 4356 ffl-

872 4379 1033 4430 Pour
1068 4382 1305 4446 estrain,
1343 4381 1436 4447 xvj
1476 4398 1523 4435 s.

870 4463 1030 4513 Pour
1062 4460 1226 4524 buse,
1260 4465 1462 4529 xxm's2

870 4544 1027 4594 Pour
1048 4544 1067 4608 j
1096 4546 1331 4609 estaque
1354 4547 1425 4598 de
1449 4547 1576 4599 bois
1604 4547 1663 4600 et
1687 4561 1802 4600 une
1825 4548 1997 4601 kaine
2022 4550 2094 4602 de
2114 4550 2227 4613 fer,
2253 4549 2388 4615 xxvj
2415 4562 2463 4600 s.
