3526 5522
822 581 885 637 54
1782 644 1795 657 .
1850 581 2056 635 ΑΝΝΟ
2099 582 2221 632 1418

824 750 1162 804 hereticales
1208 752 1268 802 et
1313 749 1599 815 sapientes
1644 748 1910 809 heresim,
1960 761 2026 799 ac
2069 750 2269 800 contra
2324 749 2494 801 fldem
2538 751 2597 802 et
2640 763 2829 802 mores
2875 765 3135 805 erroneos
3172 756 3221 805 et

825 837 1094 899 tanquam
1131 832 1509 896 scandalosos,
1552 832 1862 883 sediciosos
1902 832 1962 882 et
1997 831 2152 895 pacis
2191 831 2522 895 turbativos,
2566 832 2636 885 de
2671 833 2875 897 quibus
2912 835 2997 886 fui
3034 837 3091 887 et
3117 850 3220 887 sum

825 917 1129 969 infamatus
1170 917 1227 967 et
1265 928 1369 980 per
1405 914 1822 967 confessionem
1860 927 2044 965 meam
2083 915 2392 976 convictus,
2431 915 2615 967 sciens
2647 929 2740 968 me
2773 929 2998 970 errasse
3034 919 3089 969 in
3124 918 3221 970 illis

826 1015 995 1066 quam
1016 999 1342 1065 plurimum,
1380 1012 1480 1050 ore
1514 998 1823 1062 confiteor;
1860 997 2030 1049 corde
2065 997 2306 1049 tirmiter
2338 999 2511 1049 credo
2548 1012 2743 1050 omnes
2766 999 3036 1051 articulos
3057 1015 3223 1067 supra-

826 1083 1086 1147 scriptos,
1112 1095 1239 1132 cum
1282 1080 1763 1132 determinacione
1804 1078 1972 1130 huius
2015 1079 2163 1130 sacri
2202 1079 2430 1131 concilii
2470 1079 2954 1149 Konstantiensis,
2981 1096 3087 1134 non
3118 1097 3223 1136 esse

823 1164 1161 1226 katholicos‚
1203 1163 1302 1214 sed
1337 1163 1641 1222 hereticos,
1680 1175 1785 1214 nec
1818 1161 2299 1228 dogmatizandos.
2346 1162 2588 1228 Insuper
2624 1163 2808 1216 libera
2840 1167 3048 1226 mente,
3089 1165 3221 1217 nullo

822 1248 1061 1315 cogente
1087 1247 1183 1298 aut
1207 1244 1556 1310 impellente,
1581 1243 1689 1295 hoc
1710 1245 1944 1308 proprio
1968 1257 2094 1296 meo
2113 1244 2326 1309 scripto
2349 1257 2541 1297 coram
2564 1245 2740 1307 vobis,
2765 1248 3222 1300 reverendissimis

821 1331 881 1383 in
938 1329 1162 1382 Christo
1202 1328 1460 1394 patribus
1504 1328 1563 1379 et
1607 1326 1852 1378 dominis
1898 1327 2041 1380 meis
2083 1328 2538 1394 generosissimis
2595 1331 2953 1383 sacrosancte
2996 1330 3223 1383 Romane

824 1411 1064 1466 ecclesie
1086 1410 1465 1463 cardinalibus
1488 1411 1547 1462 et
1578 1409 1786 1461 ceteris
1809 1409 1869 1460 in
1894 1409 2119 1461 Christo
2142 1409 2399 1475 patribus
2424 1412 2484 1463 et
2518 1411 2764 1463 dominis
2789 1411 3223 1479 archiepiscopis,

830 1495 1110 1560 episcopis
1145 1495 1203 1546 et
1235 1493 1552 1558 abbatibus,
1575 1505 1879 1556 coramque
1914 1492 2238 1544 doctoribus
2277 1494 2337 1545 et
2367 1493 2658 1560 magistris
2690 1495 2979 1547 variarum
3011 1495 3218 1548 faculta-

829 1580 949 1630 tum
991 1576 1331 1628 doctissimis
1373 1575 1692 1639 ceterisque
1734 1575 1979 1626 dominis
2021 1588 2502 1639 quorumcumque
2545 1577 2794 1628 statuum
2831 1580 2928 1629 aut
2965 1579 3217 1644 graduum

828 1659 1069 1726 singulis
1091 1661 1151 1710 et
1172 1658 1448 1711 universis
1471 1657 1638 1709 huius
1664 1670 1824 1709 sacre
1848 1658 2329 1724 congregationis,
2367 1659 2642 1722 profiteor
2664 1660 2814 1723 quod
2839 1661 2927 1712 sto
2951 1662 3009 1713 et
3030 1673 3226 1726 semper

829 1743 1060 1808 paratus
1094 1755 1217 1792 sum
1251 1742 1405 1793 stare
1439 1740 1679 1791 firmiter
1717 1741 1777 1791 et
1815 1739 2064 1791 fideliter
2101 1754 2229 1791 cum
2269 1742 2464 1792 sancta
2500 1741 2830 1805 apostolica,
2873 1743 3149 1795 katholica
3180 1746 3227 1794 et

827 1825 1087 1877 Romana
1120 1825 1226 1875 Dei
1260 1822 1500 1876 ecclesia
1533 1823 1592 1873 in
1627 1821 2202 1874 determinacionibus
2236 1823 2295 1875 et
2328 1823 2786 1876 ordinacionibus
2819 1825 2963 1883 eius,
2990 1828 3224 1890 tanquam

828 1920 955 1958 cum
994 1908 1175 1958 matre
1213 1919 1341 1958 mea
1378 1908 1546 1969 atque
1586 1904 1839 1956 omnium
1880 1903 2366 1965 christifidelium,
2411 1906 2619 1958 nedum
2657 1906 3017 1959 decretorum
3053 1908 3146 1960 sed
3179 1911 3227 1959 et

831 1989 1315 2041 decernendorum
1337 2001 1470 2039 vere
1494 1988 1786 2053 magistra,
1804 1988 1896 2038 cui
1919 2000 2146 2038 sensum
2162 2001 2351 2040 meum
2375 2002 2486 2040 non
2509 2002 2792 2053 coequans
2814 2003 2916 2042 seu
2939 1993 3225 2056 preferens,

833 2073 935 2124 sed
972 2074 1301 2123 reverenter
1338 2071 1639 2127 subiciens,
1685 2084 1833 2120 nunc
1878 2072 1937 2121 et
1975 2083 2200 2134 semper
2239 2069 2531 2123 humiliter
2569 2072 2771 2123 obedio
2819 2074 2988 2137 atque
3031 2085 3228 2138 semper
3288 2112 3291 2115 >

834 2155 1067 2207 obedire
1108 2155 1336 2218 paratus
1381 2167 1525 2209 sum,
1550 2154 1720 2216 prout
1762 2150 1949 2203 fidelis
1994 2151 2164 2210 filius,
2207 2153 2303 2215 qui
2343 2155 2569 2205 tenetur
2615 2153 2862 2206 fideliter
2899 2169 3002 2220 pro
3041 2156 3227 2206 viribus

836 2247 939 2286 sue
996 2232 1393 2284 honestissime
1449 2232 1647 2282 matris
1702 2232 1852 2282 tueri
1910 2230 2204 2287 honorem,
2251 2230 2486 2283 ubilibet
2536 2233 2766 2284 fortiter
2820 2236 2880 2285 et
2933 2236 3227 2286 constanter

836 2316 1165 2369 defendere.
1207 2314 1282 2365 Et
1318 2314 1675 2365 continenter
1711 2313 1911 2364 eadem
1957 2311 2222 2364 libertate
2265 2314 2540 2377 profiteor
2583 2317 2751 2379 atque
2796 2316 3058 2374 veridice,
3101 2315 3227 2379 quod

832 2414 960 2452 cum
999 2397 1108 2450 hoc
1147 2410 1310 2448 sacro
1349 2396 1777 2448 constanciensi
1811 2394 2068 2461 generali
2106 2394 2366 2455 concili0,
2409 2397 2787 2449 universalem
2820 2399 2928 2452 Dei
2962 2398 3227 2452 ecclesiam
3333 2410 3338 2415 ·

832 2482 1283 2547 representante‚
1321 2482 1408 2530 sto
1443 2481 1501 2531 et
1535 2478 1694 2530 stabo
1730 2481 1790 2531 et
1823 2491 2048 2544 semper
2080 2481 2232 2530 stare
2254 2481 2482 2543 paratus
2515 2493 2638 2531 sum
2676 2481 2923 2533 fideliter
2944 2485 3003 2534 et
3023 2481 3230 2533 firmiter

838 2577 1010 2629 super
1049 2562 1623 2616 determinacionibus
1658 2564 1717 2613 et
1751 2560 2209 2613 ordinacionibus
2249 2562 2391 2621 eius,
2433 2564 2492 2614 et
2528 2564 2830 2627 presertim
2869 2564 2999 2625 hiis,
3038 2576 3138 2627 que
3171 2562 3230 2613 ad

835 2648 1006 2700 fidem
1048 2646 1356 2712 pertinent,
1401 2646 1556 2696 ratas
1612 2644 1820 2696 nedum
1864 2643 2101 2695 credens
2146 2656 2242 2695 eas
2290 2645 2388 2695 aut
2430 2646 2726 2708 profitens,
2783 2647 2884 2699 sed
2938 2647 3233 2699 constanter

834 2731 1098 2784 tenturus
1132 2729 1191 2781 et
1223 2729 1602 2794 professurus,
1639 2725 1965 2792 specialiter
1997 2738 2169 2791 super
2201 2727 2720 2792 condempnacione
2754 2741 2862 2782 ην
2897 2728 3232 2782 articulorum

837 2812 1106 2865 Iohannis
1141 2809 1375 2863 Wicleff
1403 2811 1473 2861 de
1507 2809 1718 2876 Anglia
1750 2810 1810 2861 et
1842 2823 1959 2860 xxx
1990 2807 2360 2861 articulorum
2383 2809 2655 2862 Iohannis
2695 2812 2817 2865 Hus
2858 2813 2928 2865 de
2966 2812 3230 2868 Bohemia.

838 2897 1054 2947 directe
1104 2896 1273 2957 atque
1322 2893 1545 2944 sincere
1595 2893 1890 2957 profitens,
1941 2892 2053 2944 rite
2110 2893 2168 2944 et
2218 2891 2436 2944 utiliter
2486 2892 2610 2945 illas
2654 2907 2780 2947 esse
2826 2897 3232 2960 condempnatus

838 2975 1230 3030 conclusiones
1271 2976 1537 3039 tanquam
1578 2974 2055 3027 christifidelibus
2094 2975 2369 3026 obnoxias
2410 2979 2579 3040 atque
2613 2977 2765 3030 dicte
2796 2977 3034 3031 ecclesie
3069 2976 3232 3029 turba·

840 3059 1003 3111 tivas.
1038 3058 1113 3109 Et
1143 3058 1203 3110 in
1235 3058 1348 3109 ista
1379 3058 1491 3109 fide
1524 3059 1583 3109 et
1615 3058 1899 3110 sententia
1930 3070 2337 3121 quemcumque
2371 3057 2598 3111 fidelem
2620 3059 2969 3112 katholicum
2989 3061 3231 3112 viatorem

841 3154 968 3195 esse
1025 3140 1213 3192 iudico
1275 3153 1726 3205 permansurum,
1791 3141 1850 3191 et
1907 3140 2275 3205 pertinaciter
2336 3142 2683 3193 contrarium
2739 3145 3079 3196 asserentem
3127 3142 3232 3192 fore

841 3224 1176 3283 hereticum,
1227 3223 1396 3294 teneo
1448 3224 1509 3274 et
1555 3235 1747 3274 assero
1803 3221 2127 3274 tenendum.
2180 3222 2253 3273 Et
2303 3223 2372 3273 ad
2415 3223 2740 3276 firmitatem
2786 3225 2844 3276 et
2890 3224 3232 3278 ostensionem

842 3305 1185 3358 sinceritatis
1230 3305 1288 3356 et
1324 3304 1587 3369 puritatis
1642 3305 1850 3356 mentis
1905 3317 2050 3362 mee,
2109 3317 2179 3355 ne
2236 3318 2349 3355 non
2404 3318 2549 3370 pura
2588 3308 2778 3358 mente
2821 3308 2924 3359 sed
2967 3306 3231 3360 simulante

843 3388 974 3440 huic
1006 3400 1165 3439 sacre
1199 3387 1639 3453 congregacioni
1678 3399 1772 3438 me
1805 3386 2099 3438 existimer
2130 3388 2496 3450 conformari,
2532 3388 2730 3440 abiuro
2764 3391 2825 3440 et
2861 3388 3233 3443 anathematizo

845 3467 1102 3536 singulas
1137 3469 1367 3522 hereses
1402 3471 1460 3521 et
1494 3482 1720 3522 errores
1752 3467 2141 3534 predictorum
2174 3468 2556 3521 hereticorum
2589 3463 3135 3536 comdempnatorum
3165 3469 3233 3523 Io.

849 3551 1084 3606 Wicleff
1116 3554 1176 3604 et
1213 3552 1297 3604 Io.
1339 3551 1480 3612 Hus,
1522 3554 1582 3602 et
1626 3564 1850 3602 omnem
1895 3549 2063 3602 aliam
2109 3549 2356 3603 heresim
2400 3565 2468 3603 ac
2512 3565 2876 3618 quoscunque
2922 3568 3153 3616 errores,
3189 3564 3237 3603 se

850 3634 1192 3689 extollentes
1235 3633 1325 3686 vel
1371 3634 1659 3700 erigentes
1704 3635 1905 3685 contra
1952 3634 2012 3686 et
2056 3633 2325 3685 adversus
2369 3634 2739 3687 tradicionem
2783 3636 3155 3702 apostolicam,
3193 3636 3240 3686 et

851 3717 1266 3770 observantiam
1321 3715 1762 3769 ecclesiasticam
1824 3716 1895 3768 de
1949 3715 2129 3780 ipsius
2184 3716 2425 3769 ecclesie
2469 3719 2837 3770 sacramentis
2896 3721 2955 3772 et
3007 3719 3240 3775 clavibus.

848 3800 1279 3854 veneracionem
1345 3801 1665 3850 sanctorum
1734 3800 1795 3850 et
1854 3799 2181 3851 eorumdem
2242 3798 2611 3863 reliquiarum
2671 3802 2732 3852 et
2784 3801 3239 3869 indulgencia-um

853 3883 1172 3950 approbans
1216 3884 1276 3933 et
1319 3882 1759 3946 approbaturum
1800 3895 1890 3933 me
1928 3881 2265 3946 promittens
2306 3884 2365 3933 et
2400 3881 2550 3934 bona
2598 3883 2709 3935 flde
2748 3884 2989 3937 iurando
3027 3898 3162 3938 nunc
3196 3883 3242 3934 et

851 3979 1096 4032 semper,
1148 3965 1257 4016 Dei
1306 3964 1494 4030 gratia
1535 3977 1761 4028 semper
1816 3965 2179 4028 cooperante,
2236 3964 2514 4016 sinceram
2572 3966 2742 4017 fldem
2785 3968 2845 4018 et
2886 3967 3243 4021 credulitatem

851 4051 1045 4102 sancte
1099 4045 1384 4099 katholice
1439 4048 1499 4098 et
1547 4047 1806 4099 Romane
1864 4046 2103 4099 ecclesie
2159 4048 2229 4099 de
2282 4048 2550 4113 prefatis3
2604 4051 2664 4101 et
2714 4049 2842 4101 iuro
2887 4064 2990 4116 per
3029 4051 3244 4104 sanctam

854 4131 1195 4184 Trinitatem
1233 4130 1292 4180 et
1329 4140 1434 4194 per
1470 4127 1576 4181 hec
1620 4130 1817 4181 sancta
1855 4129 1962 4181 Dei
2001 4129 2330 4195 Evangelia,
2367 4143 2477 4193 que
2516 4130 2576 4182 in
2617 4132 2877 4184 manibus
2916 4135 3055 4187 meis
3087 4136 3241 4187 teneo,

851 4227 943 4266 me
987 4214 1048 4265 in
1091 4211 1330 4263 veritate
1374 4211 1613 4264 ecclesie
1663 4211 1970 4272 katholico,
2022 4213 2092 4264 ad
2137 4226 2304 4277 quam
2351 4213 2471 4265 Deo
2516 4214 2772 4278 propicio
2819 4229 2943 4267 sum
2997 4221 3242 4271 reversus,

853 4308 1077 4360 semper
1110 4294 1168 4346 et
1201 4294 1324 4345 sine
1359 4293 1528 4345 dubio
1563 4307 1918 4358 permanere,
1955 4296 2014 4346 et
2047 4308 2164 4354 eos,
2203 4296 2299 4358 qui
2333 4297 2533 4347 contra
2566 4295 2711 4347 hanc
2745 4298 3244 4352 determinacionem

853 4378 1020 4429 huius
1045 4376 1191 4428 sacri
1213 4375 1440 4427 concilii
1474 4378 1532 4428 et
1564 4377 1887 4440 presentem
1922 4391 2106 4429 meam
2140 4377 2553 4442 professionem
2588 4380 2868 4439 venerint,
2894 4396 3020 4434 cum
3054 4383 3246 4447 dogma·

855 4460 1006 4512 tibus
1029 4459 1146 4511 suis
1169 4460 1366 4511 eterno
1390 4458 1747 4511 anathemate
1783 4459 1985 4526 dignos
2019 4474 2144 4512 esse
2177 4461 2511 4525 pronuncio.
2540 4459 2701 4520 Quod
2734 4464 2784 4514 si
2818 4478 2928 4530 ego
2965 4466 3099 4531 ipse,
3122 4459 3245 4528 quod

858 4543 1024 4604 absit,
1048 4543 1248 4594 contra
1268 4540 1414 4592 hanc
1436 4542 1731 4593 veritatem
1754 4544 1815 4592 et
1834 4543 2247 4594 confessionem
2272 4542 2576 4607 aliquando
2612 4543 2765 4596 aliud
2800 4549 3033 4611 sentire,
3059 4549 3242 4601 tenere,

860 4627 1154 4693 predicare
1193 4626 1291 4676 aut
1327 4637 1581 4677 asserere
1615 4623 1840 4688 publice
1874 4625 1962 4678 vel
2008 4625 2243 4686 occulte,
2279 4627 2617 4679 verbotenus
2656 4628 2746 4680 vel
2785 4630 2845 4681 in
2881 4633 3117 4698 scriptis,
3138 4640 3243 4694 pre·
