3526 5522
992 583 1330 641 LAATSTE
1398 583 1878 641 NAGEKOMEN
1947 581 2309 640 STUKKEN
2803 597 2879 641 xv

417 758 478 809 in
502 758 699 809 vestro
724 768 938 820 magno
960 755 1111 815 foro,
1139 754 1199 806 et
1222 751 1632 804 communitate
1666 749 1748 801 ibi
1773 751 2146 817 congregata,
2172 763 2302 801 cum
2323 748 2432 801 Dei
2456 748 2691 811 auxilio,
2718 763 2889 816 appa·

416 840 560 891 rebo
587 838 882 889 sustinens
905 834 1011 886 has
1033 835 1370 900 praesentes
1392 833 1670 886 veritates
1694 833 1897 884 contra
1919 843 2306 896 quoscumque
2323 830 2583 884 volentes
2601 832 2886 885 sustinere

419 923 520 973 aut
556 918 959 971 contradicere
1000 915 1140 981 illis,
1182 915 1476 967 confidens
1515 916 1576 966 in
1618 913 1868 979 Christo,
1910 913 2011 978 qui
2048 912 2315 978 promisit
2352 912 2566 965 bonum
2610 914 2888 980 Spiritum

417 1001 770 1067 petentibus,
796 1000 950 1052 sicut
982 1000 1043 1050 in
1066 996 1387 1063 Evangelio
1413 996 1468 1049 S.
1495 995 1700 1048 Matth.
1726 995 1778 1045 7.
1806 1009 1932 1060 cap.
1958 994 2104 1054 Quia
2128 1009 2242 1046 non
2266 993 2452 1046 solum
2476 994 2605 1046 volo
2628 996 2890 1060 posuisse

420 1085 575 1135 hunc
610 1082 975 1147 praesentem
1008 1079 1269 1132 laborem
1290 1091 1396 1144 pro
1420 1079 1613 1130 vestra
1635 1076 1837 1136 salute,
1873 1078 1974 1129 sed
2008 1077 2182 1128 etiam
2204 1090 2432 1141 corpus.
2459 1075 2622 1136 Quod
2645 1078 2735 1129 est
2775 1092 2890 1130 ma-

420 1166 583 1216 xima
604 1164 857 1223 dilectio.
884 1174 1055 1226 quam
1078 1163 1269 1226 potest
1290 1159 1504 1212 habere
1524 1159 1586 1210 in
1610 1158 1722 1210 hoc
1746 1159 1960 1209 mundo
1982 1156 2132 1210 alter
2165 1158 2236 1209 ad
2260 1157 2525 1217 alterum,
2550 1158 2697 1210 sicut
2715 1159 2754 1212 J
2756 1172 2889 1212 esus

427 1246 693 1297 Chi-istus
716 1245 882 1296 nobis
906 1245 1156 1296 testatur
1178 1242 1239 1294 in
1266 1239 1584 1306 Evangelio
1610 1240 1646 1293 J
1649 1239 1913 1298 ohannis,
1943 1240 2026 1292 15.
2053 1253 2176 1306 cap.

967 1322 1267 1389 Duplessis
1286 1322 1647 1389 d’Argentre,
1669 1320 1925 1375 Collectio
1941 1320 2301 1373 Iudiciorum
2320 1319 2389 1373 de
2409 1324 2569 1374 novis
2586 1321 2889 1375 erroribus·

1027 1405 1198 1473 (1728)
1217 1403 1345 1457 deel
1362 1405 1416 1468 Ι,
1434 1403 1542 1455 blz.
1565 1403 1804 1456 172-174.
1824 1430 1889 1441 —
1907 1404 1993 1454 De
2010 1402 2393 1454 verzamelaar
2415 1404 2588 1470 voegt
2602 1417 2667 1457 er
2687 1404 2759 1455 de
2775 1403 2893 1455 vol·

1026 1488 1213 1554 gende
1232 1484 1655 1551 aanteekening
1672 1484 1748 1550 bn·
1773 1500 1787 1536 ε
1812 1505 1839 1527 ι·
1860 1484 2019 1537 Haec
2036 1484 2295 1549 excerpsi
2320 1497 2353 1536 e
2376 1497 2586 1551 magno
2607 1485 2894 1537 volumine

1027 1570 1187 1622 MSS.
1224 1582 1599 1622 censurarum
1634 1581 1832 1619 sacrae
1857 1566 2169 1619 Facultatis
2194 1566 2559 1630 Parisiensis,
2587 1581 2621 1619 a
2642 1569 2715 1620 N.
2741 1569 2899 1621 Beda

1028 1650 1418 1704 collectarum.
1461 1651 1537 1703 Et
1573 1649 1757 1702 multa
1799 1650 1964 1701 omisi
2004 1649 2129 1700 sine
2173 1648 2379 1713 quibus
2425 1649 2583 1701 notio
2619 1649 2897 1703 talearum

1027 1734 1414 1786 intentionum
1454 1732 1524 1784 ab
1570 1731 1826 1783 Hussitis
1864 1729 2220 1796 prolatarum
2252 1731 2394 1782 satis
2437 1730 2699 1786 habetur.
2736 1732 2899 1785 Pari-

1031 1816 1250 1867 sienses
1301 1815 1493 1866 autem
1548 1813 1815 1879 magistri
1860 1826 1895 1864 a
1938 1811 2207 1864 censoria
2249 1813 2387 1864 nota
2428 1810 2547 1864 illis
2604 1813 2899 1865 erroribus

1029 1885 1314 1948 inurenda
1334 1895 1753 1955 abstinuerunt,
1781 1894 1917 1958 quia
1936 1895 1997 1945 in
2023 1894 2446 1946 constantiensi
2469 1895 2722 1947 Concilio
2746 1908 2902 1947 erro·

1028 1991 1126 2030 res
1152 1978 1396 2030 ‚Ioannis
1428 1976 1738 2042 Wiclephi,
1777 1978 1899 2028 tum
1929 1975 1968 2028 J
1971 1975 2173 2027 oannis
2209 1975 2332 2027 Hus
2366 1976 2426 2027 et
2459 1975 2800 2043 Hieronymi
2825 1978 2897 2029 de

1033 2060 1226 2127 Praga
1248 2059 1546 2126 speciatim
1567 2058 1880 2124 proscripti
1901 2058 2085 2111 erant.
2113 2079 2141 2104 ι.

1421 2244 1585 2310 148
1621 2238 1915 2325 (295‘0').

549 2401 760 2493 1455,
791 2410 1201 2499 September
1233 2417 1348 2489 12,
1380 2411 1769 2478 Mechelen.
1790 2413 2036 2478 Vonnis
2061 2414 2225 2477 door
2249 2414 2328 2476 de
2352 2414 2902 2478 commissarissen

444 2531 571 2577 van
604 2514 727 2577 den
760 2513 1292 2592 Kamerijkschen
1321 2513 1623 2590 bisschop
1656 2511 2118 2591 uitgesproken
2148 2515 2339 2591 tegen
2373 2512 2496 2575 den
2520 2512 2745 2576 volder
2777 2515 2818 2573 J
2818 2528 2904 2574 an

442 2612 701 2675 Vander
732 2616 978 2686 Moere,
1018 2628 1145 2674 van
1179 2612 1370 2688 Gent,
1401 2611 1500 2672 als
1536 2610 1864 2689 bigamist,
1899 2610 2202 2672 valschen
2234 2611 2508 2688 priester
2541 2627 2622 2672 en
2653 2609 2894 2673 ket-ter.

451 2744 533 2757 —
574 2710 807 2775 Omdat
853 2711 942 2791 hij
955 2760 971 2787 ,
1014 2726 1131 2773 een
1170 2708 1740 2784 handswerkman,
1783 2708 1925 2771 zich
1975 2723 2139 2774 voor
2186 2709 2461 2788 priester
2508 2708 2683 2771 heeft
2733 2708 2901 2772 doen

445 2810 776 2889 doorgaan
833 2827 915 2872 en
970 2807 1442 2887 herhaaldelijk
1499 2808 1578 2871 de
1626 2810 1750 2870 mis
1800 2808 2061 2887 gelezen
2118 2807 2315 2882 heeft,
2374 2807 2591 2871 wordt
2648 2806 2736 2885 hij
2798 2809 2901 2869 tot

444 2908 853 2988 levenslange
901 2907 1290 2987 gevangenis
1338 2922 1423 2986 op
1472 2909 1682 2970 water
1731 2923 1814 2968 en
1862 2906 2066 2969 brood
2124 2906 2564 2969 veroordeeld.
2631 2909 2774 2967 Aan
2829 2904 2908 2965 de

444 3006 1032 3085 goedertierenheid
1084 3021 1211 3067 van
1260 3005 1383 3067 den
1433 3005 1732 3083 bisschop
1791 3003 2007 3068 wordt
2056 3005 2470 3083 evergelaten
2526 3003 2681 3067 deze
2739 3001 2912 3066 strat

448 3104 616 3167 later
647 3107 716 3168 te
746 3105 1154 3168 verzachten.

512 3253 622 3306 Die
646 3253 711 3305 12
734 3254 1085 3319 Septembris
1118 3252 1336 3318 prodiit
1369 3251 1659 3304 sententia
1689 3265 1798 3316 per
1832 3252 2126 3304 dominum
2150 3250 2454 3305 officialem
2477 3250 2905 3304 Cameracensis

452 3334 708 3400 episcopi
739 3334 859 3386 lata
891 3336 1197 3387 adversum
1229 3333 1266 3385 J
1271 3333 1557 3385 ohannem
1581 3332 1706 3384 Van
1731 3332 1835 3385 der
1866 3331 2086 3392 Moere,
2123 3332 2413 3385 hominem
2449 3331 2658 3385 la’icum
2693 3332 2913 3384 Ganda-

452 3430 710 3476 vensem,
729 3416 1046 3483 bigamum,
1071 3414 1370 3475 fullonem,
1413 3414 1543 3474 etc..
1578 3415 1675 3478 qui
1710 3415 1771 3466 in
1796 3414 2038 3467 diversis
2062 3413 2326 3467 ecelesiis
2351 3412 2718 3475 Mechliniae‚
2744 3414 2917 3466 simu·

451 3496 568 3551 lato
609 3497 951 3551 sacerdotali
991 3498 1211 3556 habitu.
1254 3498 1486 3549 missam
1527 3495 1727 3562 legere
1770 3497 2152 3549 attentaverat
2191 3496 2417 3559 aliaque
2457 3495 2628 3561 plura
2666 3496 2917 3549 nefanda

456 3581 840 3632 commiserat.

520 3663 727 3715 Datum
757 3662 910 3730 feria
943 3668 1101 3715 seoeta
1122 3667 1245 3730 post
1265 3662 1470 3730 festum
1492 3658 1830 3714 Natiuitatis
1853 3661 1982 3712 Bm
2009 3660 2234 3714 Mariae
2270 3659 2538 3727 Vir-einis,
2561 3657 2661 3713 die
2684 3659 2915 3728 quidem

460 3743 579 3796 XII
593 3744 800 3797 mensis
821 3743 966 3812 Sept.

515 3824 663 3885 Quia
693 3838 802 3890 per
834 3825 1182 3878 relationem
1205 3823 1623 3877 venerabilium
1659 3824 2023 3878 dominorum
2057 3823 2261 3877 decani
2284 3823 2736 3876 Christianitatis
2763 3823 2915 3875 Bru-

452 3906 745 3970 xeliensis,
787 3908 848 3960 et
884 3907 1128 3959 Joannis
1169 3906 1371 3967 Roest,
1410 3906 1713 3958 secretarii
1752 3906 2060 3959 reverendi
2100 3907 2162 3958 in
2204 3904 2434 3957 Christo
2474 3906 2658 3970 patris
2694 3905 2915 3957 domini

459 3989 712 4054 episcopi
749 3988 1202 4055 Cameracensis,
1222 3987 1436 4039 virtute
1470 3987 1891 4039 commissionis
1926 3988 2186 4053 ejusdem
2208 3988 2370 4039 vivae
2393 3987 2550 4039 vocis
2573 3986 2808 4039 oraculo
2832 3987 2919 4039 eis

454 4070 656 4132 iactae,
695 4071 859 4122 nobis
895 4070 1156 4122 constitit
1187 4069 1249 4122 et
1280 4069 1520 4133 constat,
1543 4070 1697 4133 quod
1728 4069 1765 4122 J
1769 4082 1983 4122 oannes
2005 4068 2130 4122 Van
2164 4069 2269 4121 der
2292 4068 2507 4129 Moere,
2532 4068 2808 4120 oriundus
2842 4069 2915 4121 de

462 4150 744 4212 Gandavo,
763 4152 1030 4218 bigamus
1054 4152 1114 4203 et
1135 4150 1299 4212 fullo,
1323 4146 1618 4202 tonsuram
1652 4150 2066 4203 sacerdotalem
2101 4150 2352 4217 gestans,
2378 4152 2444 4202 ut
2467 4151 2591 4215 eJus
2612 4150 2916 4215 praetextu

463 4232 834 4286 eleemosinas
869 4235 929 4286 et
968 4235 1122 4285 vitae
1165 4231 1492 4285 necessaria
1525 4232 1825 4297 acquirere
1863 4234 2059 4297 posset
2097 4232 2410 4293 uberiores,
2444 4232 2506 4283 in
2547 4231 2919 4297 opprobrium

463 4313 615 4374 cleri,
663 4316 769 4368 sub
815 4316 966 4368 fictis
1017 4314 1288 4381 insigniis
1333 4313 1577 4367 militiae
1625 4314 1945 4380 spiritualis
1990 4329 2093 4367 seu
2139 4314 2513 4367 sacerdotalis
2560 4313 2923 4374 mendicavit,

462 4396 850 4449 mechanicum
882 4396 1123 4449 tullonis
1158 4397 1410 4448 officium
1448 4398 1817 4461 postponens,
1858 4410 2061 4448 manus
2096 4397 2436 4449 temerarias
2477 4396 2549 4448 ad
2586 4395 2826 4447 vetitum
2861 4396 2922 4446 et

461 4477 563 4528 sibi
601 4477 945 4532 detestabile
986 4479 1237 4531 officium
1274 4491 1484 4545 magna
1524 4478 1867 4531 temeritatis
1907 4479 2144 4531 audacia
2182 4479 2359 4541 misit,
2409 4492 2477 4530 ac
2517 4476 2800 4529 diabolico
2825 4477 2916 4528 in·

464 4559 662 4613 stinctu
687 4561 760 4613 ad
784 4574 949 4613 sacra
970 4562 1300 4614 sanctorum
1323 4560 1617 4622 accedere,
1638 4561 1873 4613 missam
1894 4574 2000 4627 pro
2025 4560 2313 4612 defunctis
2335 4558 2563 4625 publice
2587 4559 2773 4624 prima
2793 4559 2916 4610 vice

467 4638 521 4691 in
541 4642 759 4707 capella
780 4642 838 4695 S.
864 4642 1089 4696 Nicolai
1126 4643 1240 4695 sita
1272 4642 1332 4693 in
1366 4642 1639 4707 parochia
1660 4641 1857 4696 Sancti
1888 4643 1927 4696 J
1930 4642 2131 4695 oannis
2156 4641 2354 4707 oppidi
2377 4639 2830 4705 mechliniensis,
2855 4639 2916 4691 et
