3526 5522
767 589 832 641 82
1045 626 1048 629 -
1713 585 1925 639 ANNO
1964 586 2111 648 1431,
2149 585 2279 639 1442

762 753 1053 806 ordinario
1099 755 1159 806 et
1201 753 1541 818 inquisitore
1586 752 1842 805 heretice
1886 752 2185 817 pravitatis
2229 754 2608 823 compareret,
2657 753 2724 805 ut
2766 753 3065 805 contumax
3105 762 3191 815 per

763 836 1008 889 eundem
1060 836 1413 887 ordinarium
1470 839 1778 901 propterea
1828 835 2351 886 excommunicatus
2397 836 2456 886 et
2496 836 2844 900 aggravatus
2894 836 2955 886 et
2993 834 3051 885 ut
3086 831 3194 883 talis

760 916 987 983 publice
1035 918 1407 969 denunciatus
1458 916 1667 968 extitit.
1706 915 1848 967 Cum
1881 918 2090 975 autem,
2129 917 2279 967 sicut
2317 918 2516 968 eadem
2572 916 2776 981 petitio
2825 914 3187 981 subiungebat.

761 1000 1020 1065 prefatus
1038 999 1322 1051 Iohannes
1346 1000 1407 1049 in
1430 999 1724 1049 erroribus
1748 999 1809 1050 et
1830 997 2195 1062 opinionibus
2218 998 2545 1050 huiusmodi
2568 1010 2676 1062 per
2698 1011 2879 1049 annos
2902 995 3194 1062 quindecim

764 1080 854 1133 vel
876 1082 1032 1133 circa
1065 1080 1465 1132 damnabiliter
1486 1080 1887 1145 permanserit,
1924 1083 1984 1131 et
2022 1080 2092 1130 ad
2116 1092 2217 1130 cor
2240 1093 2506 1132 reversus
2532 1094 2599 1131 ac
2622 1080 2693 1130 ad
2727 1080 2924 1132 sedem
2948 1080 3195 1143 prefatam

762 1167 1071 1229 propterea
1093 1163 1327 1215 veniens
1367 1159 1750 1226 personaliter
1773 1163 1969 1225 cupiat
1992 1161 2063 1211 ad
2087 1161 2299 1212 dictam
2320 1161 2624 1213 ecclesiam
2657 1164 2718 1213 et
2751 1163 2877 1213 eius
2901 1162 3067 1213 fldem
3090 1172 3194 1211 cum

763 1244 1086 1296 humilitate
1108 1245 1321 1303 redire,
1347 1257 1452 1308 pro
1476 1245 1639 1307 parte
1662 1243 1843 1308 ipsius
1878 1242 2150 1294 Iohannis
2175 1244 2340 1293 nobis
2364 1244 2475 1294 tuit
2498 1243 2796 1296 humiliter
2828 1242 3197 1309 supplicatum,

763 1329 830 1378 ut
853 1327 1041 1392 ipsum
1066 1326 1138 1377 ad
1161 1326 1439 1377 unitatem
1474 1324 1717 1376 ecclesie
1750 1324 2123 1375 restituentes
2156 1338 2289 1397 eum
2322 1339 2357 1376 a
2386 1325 2682 1389 premissis
2718 1325 3010 1377 ordinaria
3040 1324 3200 1375 aucto-

761 1409 934 1460 ritate
969 1407 1292 1470 ceterisque
1328 1406 1987 1458 excommunicacionum
2030 1406 2339 1470 sentenciis
2380 1409 2441 1457 et
2475 1404 2602 1471 alijs
2635 1407 2800 1471 penis
2837 1408 3044 1458 contra
3082 1404 3202 1456 tales

762 1489 1094 1554 specialiter
1150 1492 1212 1540 et
1261 1486 1615 1554 generaliter
1663 1501 1770 1552 per
1818 1488 2266 1540 constituciones
2321 1489 2382 1539 et
2431 1488 2830 1541 ordinaciones
2886 1486 3199 1555 apostolicas

765 1571 1000 1623 inflictis
1027 1569 1476 1633 quibuscumque
1498 1568 1717 1621 absolvi
1740 1569 2016 1620 mandare
2039 1567 2111 1620 de
2133 1568 2492 1633 benig-nitate
2516 1568 2831 1633 apostolica
2845 1570 3205 1636 dignaremur.

768 1653 888 1705 Nos
911 1653 1093 1718 igitur
1126 1651 1507 1715 attendentes,
1545 1651 1696 1714 quod
1730 1649 1976 1703 ecclesia
2008 1650 2134 1715 ipsa
2167 1649 2384 1702 nemini
2416 1651 2664 1702 contrito
2701 1651 2762 1703 et
2790 1650 3071 1716 penitenti
3091 1660 3205 1699 vere

765 1734 1033 1787 redeunti
1055 1735 1211 1784 tores
1235 1732 1628 1784 misericordie
1654 1730 1888 1789 claudit,
1916 1731 2412 1796 circumspectioni
2434 1733 2531 1782 tue
2555 1745 2661 1796 per
2683 1730 3000 1796 apostolica
3019 1730 3208 1794 scripta

765 1816 1171 1867 committimus
1196 1816 1255 1865 et
1277 1815 1626 1874 mandamus,
1653 1816 1952 1876 quatenus,
1981 1813 2031 1863 si
2054 1813 2238 1865 dictus
2261 1812 2546 1864 Iohannes
2572 1798 2892 1878 opiniones,
2928 1814 3131 1865 sectam
3159 1809 3208 1861 et

761 1912 992 1950 errores
1030 1895 1341 1962 premissos
1376 1895 1794 1948 abrenunciare
1835 1897 1894 1946 et
1939 1895 2072 1945 fldei
2126 1908 2192 1945 ac
2232 1895 2439 1945 unitati
2474 1895 2534 1946 et
2564 1897 2853 1960 preceptis
2888 1891 3204 1946 universalis

768 1980 1010 2032 ecclesie
1069 1981 1346 2044 perpetuo
1400 1978 1460 2029 et
1508 1976 1920 2028 inviolabiliter
1970 1978 2124 2027 stare
2181 1978 2241 2028 et
2292 1975 2572 2027 adherere
2623 1975 2885 2035 voluerit,
2932 1977 3207 2040 postquam

767 2061 1151 2125 opinionibus,
1179 2064 1335 2111 secte
1368 2061 1427 2110 et
1461 2058 1755 2111 erroribus
1791 2057 2121 2109 huiusmodi
2144 2057 2658 2115 abrenunciaverit,
2685 2060 2750 2108 ut
2771 2059 3073 2121 prefertur,
3096 2068 3207 2106 eum

765 2157 800 2193 a
822 2143 1129 2205 sentencijs
1154 2144 1212 2192 et
1233 2141 1397 2205 penis
1422 2140 1716 2205 predictiS‚
1743 2140 1804 2190 in
1830 2153 1961 2192 eum
1977 2140 2259 2203 premissa
2278 2139 2512 2190 racione
2537 2139 2965 2203 quomodolibet
2981 2135 3208 2204 promul·

768 2226 932 2289 gatis,
957 2224 1296 2274 auctoritate
1317 2225 1514 2274 nostra
1531 2224 1639 2273 hac
1657 2223 1780 2273 vice
1804 2222 2099 2272 dumtaxat
2118 2220 2376 2272 absolvas
2394 2221 2455 2271 in
2474 2223 2660 2271 forma
2677 2220 2920 2273 ecclesie
2937 2221 3204 2276 consueta,

770 2318 1013 2367 eumque
1047 2307 1271 2368 pretate
1307 2303 1546 2355 ecclesie
1581 2312 1640 2355 et
1674 2305 1799 2355 eius
1847 2304 2221 2353 sacramentis
2256 2303 2525 2353 restituas
2565 2305 2625 2353 et
2657 2316 2923 2367 reponas,
2962 2300 3208 2353 iniunctis

769 2388 904 2437 inde
944 2386 1054 2437 sibi
1099 2399 1204 2450 pro
1242 2386 1411 2436 modo
1460 2386 1627 2450 culpe
1661 2385 1989 2450 penitencia
2028 2384 2267 2435 salutari
2302 2386 2362 2435 et
2396 2383 2541 2447 aliie,
2595 2398 2705 2447 que
2752 2385 2821 2435 de
2857 2385 2984 2435 iure
3017 2382 3209 2434 fuerint

771 2468 1139 2533 iniungenda,
1177 2468 1236 2518 et
1272 2465 1674 2517 nichilominus
1718 2480 1945 2518 omnem
1988 2465 2367 2517 inhabilitatis
2410 2467 2469 2517 et
2505 2466 2741 2517 iniamie
2785 2465 3062 2517 maculam
3107 2464 3209 2514 sive

770 2553 961 2603 notam
983 2563 1088 2615 per
1111 2563 1242 2600 eum
1265 2549 1674 2613 premissorum
1700 2549 1999 2599 occasione
2022 2550 2370 2599 contractam
2396 2549 2737 2598 auctoritate
2761 2549 2991 2612 prefata
3006 2546 3211 2612 penitus

769 2632 1019 2690 aboleas,
1046 2645 1160 2682 non
1185 2630 1541 2681 obstantibus
1564 2630 1860 2695 premissis
1894 2630 2214 2693 ceterisque
2238 2629 2540 2693 contrariis
2566 2629 3031 2692 quibuscumque.

834 2713 1041 2766 Datum
1059 2713 1242 2766 Rome
1262 2712 1412 2778 apud
1437 2712 1704 2764 Sanctum
1730 2711 1986 2768 Petrum,
2015 2725 2162 2763 anno
2187 2710 2598 2761 incarnationis
2623 2710 2907 2763 dominice
2929 2709 3211 2761 millesimo

767 2796 1330 2862 quadringentesimo
1354 2794 1644 2846 tricesimo
1668 2795 1875 2859 prim0,
1902 2794 2121 2845 decimo
2146 2792 2422 2845 kalendas
2442 2792 2600 2857 Maij,
2628 2806 2777 2844 anno
2801 2793 2986 2858 primo
3011 2793 3115 2844 etc.

1292 2921 1679 2973 Vatikaansch
1701 2921 1942 2973 Archiet
1964 2924 2023 2973 te
2039 2921 2244 2980 Rome,
2271 2920 2419 2986 Reg.
2447 2920 2632 2972 Later.
2660 2918 2777 2976 302,
2802 2919 2905 2970 iol.
2931 2917 3213 2982 2908—29123

1360 3003 1617 3068 beknopt
1648 3002 2060 3070 medegedeeld
2083 3004 2143 3054 in
2167 3002 2406 3067 Arnold,
2435 3002 2820 3070 Repertoffum
2840 3002 3213 3054 Germanicum·

1359 3086 1724 3151 (uitgegeven
1763 3086 1905 3137 door
1938 3085 2040 3136 het
2062 3085 2199 3136 kon.
2220 3083 2517 3136 Pruisisch
2541 3083 2851 3136 historisch
2869 3083 3134 3135 Instituut
3162 3083 3213 3131 te

1358 3166 1581 3232 Rome),
1602 3167 1729 3218 deel
1751 3166 1799 3228 1,
1833 3166 1936 3218 blz.
1966 3166 2077 3224 144,
2106 3176 2168 3218 nt·
2189 3165 2306 3217 874.
2333 3166 2428 3216 Dit
2450 3164 2704 3231 volle'dig
2727 3165 2991 3216 atschrflt
3007 3163 3215 3215 danken

1359 3250 1450 3312 wij
1490 3262 1596 3300 aan
1631 3249 1702 3299 de
1743 3248 2264 3314 bereidwilligheid
2286 3261 2394 3300 van
2420 3248 2530 3300 den
2564 3246 2707 3300 heer
2727 3247 2969 3305 Arnold,
3006 3245 3092 3297 die
3124 3243 3214 3294 het

1363 3344 1467 3380 ons
1491 3331 1577 3381 uit
1597 3331 1785 3382 Rome
1806 3330 2104 3382 overzond.
2117 3357 2185 3368 —
2198 3331 2284 3382 De
2300 3329 2398 3381 bul
2424 3329 2582 3381 werd
2604 3328 3040 3395 uitgevaardigd
3050 3325 3217 3393 yrau's

1353 3425 1464 3477 pro
1517 3411 1650 3464 Deo.
1706 3412 1792 3463 De
1841 3411 2051 3474 ketter,
2098 3425 2206 3462 van
2252 3412 2402 3463 wien
2447 3411 2577 3464 hier
2620 3410 2830 3475 sprake
2876 3411 2946 3470 is,
2994 3408 3071 3461 zal
3116 3404 3214 3458 wel

1365 3491 1619 3544 dezeltde
1654 3493 1761 3556 ziin
1801 3492 1886 3543 als
1920 3492 2143 3559 degene
2177 3493 2458 3558 genoemd
2490 3488 2677 3544 Jehan
2709 3491 2780 3543 de
2815 3490 3009 3544 Hellin
3038 3490 3096 3541 in
3119 3499 3214 3540 een

1363 3573 1497 3623 stuk
1514 3586 1622 3624 van
1649 3572 1707 3622 11
1730 3571 1917 3623 Maart
1940 3571 2068 3622 1430
2091 3572 2325 3639 (Corpus
2346 3572 2396 3637 1,
2422 3580 2482 3623 n‘
2502 3571 2621 3634 276,
2647 3572 2753 3625 blz.
2775 3571 2917 3634 313).

1805 3788 1922 3854 64
1968 3788 2203 3872 (284⁰).

877 3995 1086 4066 1442,
1137 3986 1442 4054 Utrecht.
1504 3986 1857 4051 Uittreksel
1907 3989 2004 4050 uit
2053 3988 2166 4049 het
2215 3985 2640 4049 Utrechtsche
2682 3975 3210 4064 Buurspraeck-

770 4086 1000 4152 Boeck
1034 4105 1188 4152 over
1222 4089 1299 4150 de
1332 4087 1819 4165 veroordeeling
1851 4103 1978 4149 van
2012 4086 2135 4148 den
2161 4085 2371 4149 ouden
2395 4081 2864 4148 schoenmaker
2895 4077 3213 4159 Meynaert

768 4189 870 4249 tot
900 4187 1431 4264 tentoonstelling
1479 4203 1560 4248 en
1610 4185 2143 4262 eeuwigdurende
2192 4183 2637 4262 hallingschap
2687 4196 2946 4260 wegens
2991 4177 3211 4254 heilig-

773 4283 1094 4346 schenniS.

829 4429 975 4479 1442.
1001 4428 1320 4496 Blasphemi
1339 4448 1368 4477 ·.
1392 4459 1448 4470 —
1469 4431 1645 4483 Want
1664 4432 1979 4497 Meynaert,
2002 4432 2095 4483 die
2113 4431 2260 4482 oude
2278 4428 2633 4489 scoemaker,
2652 4430 2855 4494 groete
2872 4419 3209 4489 blasphemie

763 4511 1024 4578 ghedaen
1049 4511 1209 4563 heeft
1231 4513 1387 4564 Gode
1411 4526 1516 4564 van
1541 4513 1817 4566 hemelric
1840 4514 1987 4566 ende
2021 4514 2184 4565 sinen
2207 4512 2507 4579 heilighen
2541 4525 2648 4563 aen
2679 4510 2862 4563 horen
2884 4505 3091 4563 bealae,
3119 4502 3209 4551 die

766 4594 945 4645 onder
979 4593 1105 4645 sine
1144 4596 1347 4645 voeten
1383 4596 1439 4646 te
1475 4596 1698 4656 treden,
1734 4596 1883 4647 ende
1917 4595 2126 4647 anders
2165 4594 2294 4648 vuel
2329 4592 2687 4646 onsedicheit
2718 4592 2998 4645 bedreven
3034 4583 3205 4644 heett,
