3526 5522
602 588 699 629 m
1171 568 1510 623 LAATSTE
1578 571 1629 624 N
1633 567 2053 624 AGEKOMEN
2122 570 2483 627 STUKKEN

588 738 797 791 deinde
842 733 1022 787 semel
1068 734 1130 786 in
1175 733 1449 799 hospitali
1495 732 1738 787 Sanctae
1792 733 2093 788 Trinitatis
2137 737 2280 790 inibi
2324 750 2505 803 prope
2546 741 2773 804 portam
2810 740 3052 797 Sanctae

591 817 935 873 catharinae
981 816 1244 875 tundato,
1285 817 1346 868 et
1390 816 1705 880 postremo,
1751 816 1937 869 tribus
1970 818 2211 878 vicibus,
2245 820 2306 871 in
2346 819 2593 874 ecclesia
2629 823 3057 878 carmelitarum

598 900 793 966 oppidi
815 896 1115 964 praedicti,
1142 896 1416 962 nulloque
1438 910 1576 950 vero
1600 897 1935 951 charactere
1961 912 1997 953 a
2018 902 2215 953 sancta
2234 902 2417 954 matre
2441 901 2687 956 ecclesia
2706 904 2968 959 instituto
2997 909 3058 960 et

600 982 863 1035 ordinato
899 979 1224 1046 insignitus,
1258 978 1604 1034 ceremoniis
1635 979 1696 1030 in
1729 980 1922 1032 missis
1955 994 2090 1034 vere
2126 982 2494 1036 decantandis
2529 985 2589 1037 et
2621 983 2882 1052 legendis
2911 987 3058 1041 false

597 1066 657 1118 et
680 1065 811 1117 ficte
834 1076 997 1116 sacro
1021 1074 1241 1115 canone
1275 1061 1572 1112 dumtaxat
1605 1062 1847 1126 excepto
1882 1061 2282 1116 fraudulenter
2315 1064 2605 1127 adhibitis,
2638 1070 2886 1132 cantare,
2910 1069 3060 1124 cele-

590 1147 763 1198 brare
786 1146 849 1198 et
868 1144 1070 1211 legere
1090 1142 1462 1210 presumpsit,
1489 1141 1682 1195 divino
1716 1143 2041 1197 ministerio
2065 1144 2350 1199 abutendo
2385 1145 2760 1202 christianum
2777 1150 3050 1217 populum

592 1229 653 1281 et
686 1228 940 1291 seipsum
974 1223 1379 1277 damnabiliter
1423 1224 1783 1288 decipiendo,
1818 1226 2163 1290 apostasiam
2207 1229 2266 1279 et
2306 1227 2651 1294 ydolatriam
2687 1231 3053 1295 incurrend0,

592 1308 967 1375 sacrilegium
985 1307 1387 1373 perpetrando,
1408 1304 1652 1362 militiae
1669 1306 1960 1371 spirituali
1980 1308 2041 1360 et
2056 1309 2400 1361 sacerdotali
2424 1311 2672 1377 turpiter
2687 1313 3059 1375 detrahendo,

593 1394 653 1445 et
676 1390 817 1443 alias
842 1388 1099 1456 graviter
1133 1390 1192 1442 et
1215 1387 1531 1442 enormiter
1567 1387 1723 1440 circa
1755 1388 2101 1442 sacrificium
2135 1390 2392 1443 divinum
2414 1392 2616 1457 (proch
2639 1394 2806 1447 dolor
2818 1396 2855 1461 2)
2889 1409 3052 1449 exce·

597 1475 783 1527 dendo
807 1476 868 1527 et
889 1470 1299 1535 delinquendo.

660 1555 747 1609 Ea
766 1555 1004 1621 propter
1025 1566 1150 1612 nos,
1174 1553 1591 1604 communicato
1614 1551 1782 1604 nobis
1802 1553 2274 1617 jurisperitorum
2297 1555 2559 1615 consilio,
2587 1556 2802 1610 Christi
2825 1559 3054 1611 nomine

594 1638 876 1697 invocato,
913 1636 1171 1694 dicimus,
1206 1634 1566 1686 decernimus
1601 1635 1661 1686 et
1695 1633 2052 1686 declaramus
2085 1635 2443 1711 praedictum
2472 1637 2511 1690 J
2515 1650 2755 1691 oannem
2790 1639 2914 1693 Van
2947 1641 3053 1692 der

593 1720 808 1779 Moere,
846 1720 1134 1782 tamquam
1172 1715 1468 1780 palmitem
1504 1715 1953 1768 instructuosem
1998 1718 2056 1769 et
2097 1717 2361 1770 nocivum
2402 1719 2463 1771 in
2513 1718 2841 1785 hujusmodi
2887 1722 3054 1782 fictis,

590 1801 992 1867 praesumptis,
1017 1797 1306 1864 perversis
1329 1799 1389 1850 et
1410 1798 1759 1863 excogitatis
1784 1797 2081 1850 sacrificiis
2115 1798 2342 1860 divinis,
2365 1800 2482 1853 imo
2504 1801 2699 1854 verius
2731 1802 3056 1869 prophana·

593 1883 862 1943 tionibus,
885 1879 1188 1948 ydolatriis
1222 1881 1281 1931 et
1314 1879 1822 1944 superstitionibus
1859 1879 1981 1932 Deo
2016 1880 2224 1947 dignos
2245 1881 2469 1934 tructus
2496 1882 2704 1936 afferre
2728 1898 2842 1936 non
2864 1884 3056 1938 valen-

594 1968 730 2028 tem,
755 1965 933 2018 tuisse
957 1964 1017 2017 et
1049 1976 1177 2016 esse
1213 1961 1531 2027 apostatam
1566 1961 1626 2014 et
1658 1961 2034 2025 haereticum,
2060 1963 2446 2016 scismaticum
2483 1965 2543 2017 et
2577 1965 2754 2017 divini
2790 1967 2966 2019 officii
2999 1967 3060 2019 et

592 2047 968 2102 ecclesiastici
1017 2059 1084 2097 ac
1129 2056 1424 2096 sacrorum
1469 2056 1753 2104 vasorum,
1799 2045 2076 2107 quantum
2121 2045 2182 2096 in
2228 2059 2297 2098 eo
2342 2046 2474 2108 tuit,
2521 2048 3054 2109 contaminatorem‚

591 2129 893 2182 christiani
914 2126 1111 2194 populi
1134 2126 1434 2177 illusorem
1467 2138 1689 2178 necnon
1724 2125 2109 2191 insigniorum
2143 2127 2461 2192 spiritualis
2495 2127 2738 2181 militiae
2763 2130 3054 2183 detracto·

591 2225 715 2265 rem
738 2210 1087 2263 censendum
1110 2221 1237 2261 esse
1260 2211 1319 2261 et
1342 2207 1567 2260 censeri
1591 2207 1824 2260 debere.

656 2293 731 2346 Et
746 2293 1056 2359 propterea
1072 2291 1316 2344 eundem
1337 2290 1373 2343 J
1377 2302 1620 2342 oannem
1644 2289 1777 2341 ante
1795 2289 2141 2343 cimiterium
2158 2290 2311 2343 beati
2330 2291 2604 2345 Rumoldi
2623 2292 3053 2348 mechliniensis

589 2377 649 2429 et
681 2375 911 2428 tandem
948 2375 1080 2426 ante
1114 2373 1269 2425 tores
1304 2371 1546 2424 Sanctae
1582 2371 1840 2423 Gudulae
1878 2371 2293 2436 Bruxeliensis,
2335 2386 2535 2427 mensa
2570 2376 2727 2440 prius
2762 2376 2833 2428 ad
2866 2377 3050 2429 instar

591 2458 789 2509 altaris
822 2456 1024 2522 calice,
1060 2464 1228 2508 cereo
1265 2455 1364 2506 aut
1398 2453 1593 2520 ligneo
1628 2453 1690 2505 et
1720 2452 1872 2505 libro
1897 2455 2100 2518 parata
2132 2455 2192 2506 et
2224 2468 2420 2507 coram
2442 2470 2505 2510 se
2527 2458 2732 2523 posita,
2757 2457 3047 2523 capitique

593 2553 696 2591 suo
719 2552 850 2590 cum
871 2536 1039 2590 titulo
1064 2535 1496 2601 circumscripto
1524 2548 1538 2585 :
1576 2553 1604 2576 ι·
1631 2535 1742 2586 Hic
1763 2534 1945 2588 laicus
1969 2541 2020 2587 et
2043 2533 2322 2603 biqamus,
2347 2536 2507 2591 nullo
2530 2535 2853 2593 charactere
2871 2554 3052 2593 sacer-

594 2619 775 2674 dotali
794 2621 1122 2687 insignitus,
1146 2615 1393 2685 officium
1414 2617 1618 2671 missae
1639 2615 1787 2685 falce
1808 2624 1861 2671 et
1893 2615 2020 2682 ficte
2051 2616 2334 2672 celebrare
2353 2622 2747 2688 praesumpsit,
2772 2644 2798 2669 ιι
2823 2620 3052 2687 publice

592 2702 986 2756 inscalandum
1007 2713 1134 2754 esse
1159 2701 1219 2752 et
1241 2700 1313 2752 ad
1337 2698 1548 2752 scalam
1573 2699 1711 2765 poni
1734 2699 1968 2752 debere.

656 2786 958 2839 Caeterum
992 2783 1129 2849 quia
1162 2783 1402 2851 dignum
1434 2783 1538 2842 est,
1564 2783 1628 2833 ut
1661 2783 1993 2847 huiusmodi
2015 2782 2249 2835 nefandi
2275 2783 2482 2852 flagitii
2504 2785 2782 2839 severitas
2802 2784 3050 2853 amplius

586 2868 930 2920 extendatur
946 2866 1007 2918 et
1022 2866 1259 2931 propter
1276 2864 1678 2917 enormitatem
1689 2863 1887 2918 delicti
1902 2865 2105 2916 modus
2121 2864 2323 2931 culpae
2340 2866 2636 2928 exuberet,
2648 2881 2820 2933 saepe
2831 2868 3046 2920 dictum

585 2949 890 3007 Joannem,
926 2947 1265 3014 apostatam,
1301 2946 1686 2999 scismaticum
1726 2947 1787 2999 et
1820 2946 2173 2999 haereticum
2205 2948 2266 3000 in
2301 2962 2532 3002 carcere
2566 2948 2804 3013 includi,
2837 2950 2898 3001 in
2933 2964 3045 3014 quo

584 3031 771 3097 ipsum
792 3033 1069 3096 perpetuo
1092 3041 1412 3090 remanere,
1436 3041 1543 3093 per
1566 3041 1629 3081 se
1653 3028 1958 3081 commissa
1980 3028 2125 3080 inibi
2148 3029 2432 3090 deflendo,
2457 3045 2523 3084 ac
2556 3031 2617 3083 in
2651 3044 2799 3097 pane
2823 3030 3041 3085 doloris

585 3113 645 3166 et
689 3125 837 3176 aqua
878 3110 1148 3163 tristitiae
1188 3110 1342 3164 vesci
1381 3112 1441 3163 et
1484 3111 1696 3163 nutriri
1738 3111 1967 3170 debere,
2010 3112 2194 3164 donec
2236 3112 2297 3164 et
2334 3126 2630 3178 quousque
2670 3127 2705 3166 a
2748 3112 3044 3180 praedicto

585 3194 903 3247 reverendo
939 3192 1168 3244 domino
1201 3191 1471 3258 episcopo
1515 3191 1916 3246 cameracensi
1954 3192 2412 3247 misericordiam
2450 3195 2730 3248 meruerit
2762 3194 3046 3260 obtinere,

585 3290 780 3329 secum
803 3276 864 3327 in
899 3275 1007 3327 hac
1028 3275 1194 3343 parte
1216 3275 1311 3340 pie
1332 3275 1479 3340 juris
1497 3276 1824 3340 temperare
1846 3288 1950 3328 seu
1973 3275 2242 3342 mitigare
2265 3276 2521 3343 rigorem
2542 3276 2818 3337 volentes,
2840 3278 3051 3344 poeni-

584 3358 825 3410 tentiam
871 3357 982 3409 sibi
1021 3357 1350 3422 hujusmodi
1390 3357 1797 3423 imponendam
1843 3357 2107 3409 duximus
2154 3358 2215 3410 et
2251 3357 2625 3426 imponimusg
2666 3359 2931 3412 eumdem
2972 3360 3045 3411 ad

581 3441 764 3504 ipsam
788 3440 1178 3507 peragendam
1198 3439 1662 3502 condemnantes,
1691 3437 2115 3494 sententialiter
2137 3438 2470 3494 diffiniendo
2493 3442 2554 3492 in
2577 3440 2670 3493 his
2696 3441 2950 3507 scriptis.

1108 3555 1345 3609 Archiet
1377 3569 1484 3607 van
1509 3555 1610 3608 het
1629 3556 2024 3608 Aartsbisdom
2060 3555 2116 3606 te
2141 3554 2455 3615 Mechelen,
2480 3554 2589 3610 Hs.
2614 3571 2723 3610 van
2745 3557 3044 3609 kanunnik

1172 3638 1231 3768 ἶ.
1268 3637 1651 3769 Ε’.4ἔορροηε,
1689 3634 1998 3691 ΜεοΙιΖίηἰα
2033 3634 2246 3690 Christo
2278 3652 2510 3692 nascens
2544 3646 2596 3693 et
2636 3653 2902 3706 crescens,
2938 3638 3041 3689 tol.

1211 3720 1328 3771 43-1
1405 3757 1416 3770 .

1596 3917 1759 3985 149
1797 3909 2041 4000 (371⁵).

690 4114 1090 4185 Omstreeks
1132 4122 1343 4194 1481,
1390 4114 1591 4183 Geni.
1630 4116 2117 4197 Aanteekening
2150 4134 2276 4181 van
2311 4118 2432 4181 den
2463 4116 2815 4196 tiidgenoot
2847 4117 3042 4180 Moli-

585 4220 696 4281 net
729 4234 885 4281 over
916 4218 1030 4281 het
1078 4216 1323 4295 geschil
1356 4216 1662 4280 tusschen
1712 4217 1791 4279 de
1840 4215 2304 4294 predikheeren
2355 4233 2436 4278 en
2486 4215 2609 4279 den
2657 4215 3043 4294 magistraat

585 4316 959 4394 aangaande
992 4315 1386 4394 zoogezegde
1417 4314 1679 4393 talrijke
1713 4315 1960 4378 ketters
1991 4316 2060 4378 in
2094 4315 2198 4377 die
2230 4314 2399 4378 stad.

646 4453 871 4507 Aulcun
904 4454 1088 4518 temps
1121 4455 1398 4519 paravant
1430 4452 1518 4521 [ce
1551 4454 1805 4520 premier
1836 4467 1990 4507 mars
2031 4451 2207 4518 14831,
2244 4453 2484 4506 environ
2518 4466 2591 4505 an
2626 4453 2686 4505 et
2720 4450 2894 4511 demi,
2929 4465 3044 4505 unc

580 4535 843 4600 question
863 4533 1081 4588 s’estoit
1104 4537 1294 4589 meute
1313 4538 1476 4590 entre
1492 4535 1579 4589 les
1600 4536 1636 4589 J
1640 4537 1872 4589 acobins
1897 4537 1968 4589 de
1992 4536 2153 4591 Gand
2175 4539 2233 4590 et
2256 4549 2401 4590 ceux
2425 4538 2498 4592 de
2520 4536 2698 4590 ladite
2720 4534 2875 4599 ville,
2893 4549 3042 4602 pour

580 4631 647 4671 ce
682 4631 792 4683 que
825 4616 1026 4670 lesdits
1057 4616 1330 4670 Jacobins
1364 4618 1592 4671 avoient
1614 4618 1701 4670 dit
1732 4632 1805 4671 en
1840 4618 1997 4671 leurs
2030 4632 2288 4672 sermons
2323 4618 2458 4683 qu'il
2493 4634 2529 4686 y
2567 4619 2719 4673 avoit
2750 4617 3040 4684 plusieurs
