3526 5522
1319 596 1529 651 ANNO
1566 594 1695 648 1460
2675 593 2743 647 97

309 763 669 827 respondeant
696 763 754 814 et
786 763 1159 827 perseverent
1181 776 1283 814 seu
1305 762 1629 827 pertinaces
1654 763 1790 820 sint,
1818 762 2059 815 heretici
2083 762 2217 813 sunt
2238 761 2528 814 censendi.
2557 761 2748 813 Tercii

309 846 566 906 sanciunt,
594 847 657 896 ut
688 845 873 911 primi,
902 846 1147 897 animam
1173 844 1573 902 immortalem,
1598 845 1925 909 paradisum
1950 846 2006 897 et
2031 845 2340 907 internum,
2365 844 2486 902 sed,
2514 843 2748 908 impeni-

310 929 495 990 tentes,
528 928 835 992 desperati,
874 927 1164 990 obstinati,
1197 928 1450 979 indurati
1476 930 1534 979 et
1555 927 1831 978 incuriosi
1854 928 1926 979 de
1948 927 2151 987 salute,
2180 940 2518 990 quamquam
2543 927 2749 991 sciant,

309 1023 362 1061 se
397 1011 724 1075 gravissime
763 1024 1023 1077 peccare,
1063 1011 1147 1062 eis
1187 1010 1326 1062 satis
1367 1011 1471 1070 est,
1514 1010 1684 1073 quod,
1729 1010 1997 1073 quamdiu
2044 1009 2258 1067 vivunt,
2300 1008 2569 1073 expleant
2613 1024 2745 1062 suas

310 1090 608 1157 voluptates
631 1094 691 1145 et
712 1092 980 1144 deliciose
1015 1106 1081 1145 ac
1103 1092 1439 1158 voluptuose
1463 1092 1651 1143 vivant
1673 1094 1844 1156 atque
1875 1092 2202 1143 ambiciose.
2229 1092 2301 1144 Et
2327 1092 2539 1151 dicunt,
2567 1093 2744 1155 quod,

309 1174 352 1224 si
382 1188 487 1226 non
519 1175 733 1226 vadunt
766 1176 835 1227 ad
871 1189 1045 1227 unum
1079 1175 1288 1239 locum,
1314 1175 1534 1226 scilicet
1567 1175 1637 1225 ad
1661 1175 2009 1240 paradisum,
2034 1175 2198 1225 ibunt
2230 1174 2302 1225 ad
2325 1173 2517 1225 alium.
2545 1175 2748 1235 Quarti

310 1257 570 1319 sanciunt,
595 1258 842 1309 animam
864 1271 990 1310 esse
1012 1256 1413 1320 immortalem,
1437 1258 1766 1322 paradisum
1789 1272 1915 1310 csse
1936 1259 1995 1308 et
2021 1258 2309 1309 infernum
2329 1260 2389 1308 et
2413 1257 2667 1322 graviter
2686 1272 2749 1310 se

310 1352 548 1402 peecare,
574 1339 677 1392 sed
713 1340 939 1391 tandem
974 1340 1033 1390 in
1073 1341 1187 1392 flue
1222 1341 1354 1391 aute
1389 1344 1634 1391 mortem
1670 1341 1905 1404 sperant
1938 1340 2199 1404 penitere
2235 1340 2294 1391 et
2327 1338 2610 1401 confiteri,
2649 1339 2749 1391 sed

310 1421 676 1486 decipiuntur,
700 1422 968 1487 quoniam
993 1422 1205 1487 sepius,
1230 1423 1593 1487 preoccupati
1620 1424 1804 1473 morte
1829 1425 1928 1474 aut
1948 1435 2079 1475 sero
2106 1421 2274 1473 nimis
2300 1422 2409 1473 sibi
2444 1421 2748 1486 providere

311 1504 443 1568 apud
466 1519 527 1557 se
550 1505 889 1568 statuentes,
914 1504 1225 1557 valdenses
1250 1505 1533 1557 decedunt
1557 1507 1618 1557 ut
1641 1506 1842 1557 ceteri.

556 1686 608 1738 6.
646 1685 727 1739 De
761 1685 1133 1755 questionibus
1172 1693 1221 1739 et
1262 1688 1496 1740 torturis
1528 1686 1800 1740 adversus
1831 1694 2114 1740 acmesatos
2169 1682 2482 1740 valdenses.

375 1829 509 1882 Post
541 1831 734 1885 dulces
769 1833 1152 1885 amonicioncs
1188 1834 1246 1885 et
1279 1832 1535 1886 salubres
1569 1833 2027 1891 exhortaciones‚
2054 1834 2185 1892 etc„
2222 1847 2332 1898 que
2355 1834 2497 1884 iuris
2529 1834 2662 1884 sunt
2696 1834 2756 1884 et

317 1914 567 1973 racionis,
591 1917 813 1980 quando
838 1917 1087 1968 accusati
1110 1931 1274 1967 suum
1298 1918 1506 1967 tactum
1533 1930 1658 1968 cum
1685 1917 2020 1967 iuramentis
2046 1920 2104 1967 et
2128 1917 2400 1981 periuriis
2427 1916 2756 1967 constanter

319 2000 532 2063 negant,
556 1999 723 2050 sicuti
758 2000 919 2063 quasi
954 2013 1178 2063 semper
1212 1998 1415 2059 solent,
1456 2014 1565 2050 non
1602 2000 1685 2052 uti
1722 1999 2021 2062 questione
2060 2002 2120 2049 et
2164 2001 2404 2057 tortura,
2443 2012 2513 2049 ex
2551 1998 2753 2061 quibus

318 2079 486 2131 solum
518 2081 892 2133 communiter
925 2085 1113 2146 potest
1149 2082 1446 2146 quicquam
1483 2082 1681 2133 haberi
1717 2082 1786 2132 ab
1822 2083 1927 2144 cis,
1965 2081 2141 2132 nichil
2185 2080 2337 2132 aliud
2379 2082 2549 2139 esset,
2587 2094 2752 2143 quam

318 2162 640 2230 extinguere
675 2166 732 2216 et
756 2164 1001 2229 sepelire
1027 2165 1320 2216 materiam
1347 2165 1512 2216 istam
1537 2168 1595 2216 et
1619 2164 1899 2228 impedire
1928 2167 2253 2228 aperturam
2277 2166 2335 2215 et
2358 2165 2606 2214 fructum
2630 2163 2752 2214 eius

318 2247 474 2308 atque
494 2250 687 2312 aperte
709 2248 901 2299 lavere
922 2248 1168 2305 demoni,
1189 2250 1380 2312 spreto
1403 2248 1522 2299 Deo
1547 2248 1670 2298 vivo
1692 2248 1752 2298 et
1776 2262 1927 2298 vere.
1953 2247 2119 2298 Esset
2137 2248 2370 2311 insuper
2387 2247 2582 2297 rovere
2608 2246 2752 2297 hanc

319 2327 658 2393 dampnatam
694 2333 905 2381 sectam
939 2332 1220 2394 patenter,
1248 2344 1357 2394 que
1393 2329 1617 2382 occulta
1650 2332 1737 2381 est
1772 2344 1946 2395 supra
1980 2330 2211 2380 modum
2246 2331 2304 2380 ct
2343 2328 2546 2388 latenS,
2584 2330 2647 2380 ut
2680 2342 2750 2380 ex

319 2410 681 2473 suprahabitis
703 2414 878 2477 patet.
907 2414 1105 2475 Neque
1141 2413 1247 2462 hoc
1282 2424 1465 2478 genus
1501 2413 1803 2464 demonum
1840 2412 1949 2464 eici
1987 2412 2196 2477 potest,
2223 2412 2333 2463 nisi
2367 2426 2495 2463 cum
2533 2413 2753 2463 tortura

320 2494 370 2541 et
390 2495 695 2556 questione.
724 2495 797 2546 Et
820 2494 915 2558 qui
939 2496 1249 2560 procurant
1271 2495 1653 2547 cessacionem
1677 2495 1898 2546 torture
1916 2495 1977 2546 et
1994 2494 2328 2557 questionis,
2350 2494 2529 2545 eciam
2550 2508 2754 2558 aspere

323 2572 372 2624 iu
395 2574 496 2626 ista
520 2578 760 2629 materia
780 2580 1001 2642 (aspere
1026 2577 1274 2641 quidem,
1300 2578 1445 2628 citra
1472 2578 1712 2627 mortem
1737 2579 1797 2628 et
1819 2574 2266 2635 mutilacionem,
2294 2575 2753 2641 deperdicionem

322 2660 410 2707 aut
440 2659 966 2711 dehonestacionem
1001 2660 1403 2721 membrorum)
1425 2661 1660 2725 propter
1698 2659 2155 2726 singularitatem
2181 2672 2364 2717 casus,
2389 2660 2584 2722 preter
2619 2658 2749 2716 hoc,

324 2742 460 2803 quod
499 2741 776 2807 impedire
821 2743 1079 2794 nituntur
1125 2743 1373 2795 officium
1419 2742 1813 2808 inquisicionis
1858 2744 2057 2806 (quare
2096 2743 2229 2793 sunt
2272 2739 2746 2793 excommunicati

325 2826 644 2888 reputandi),
664 2828 797 2877 sunt
815 2826 1179 2878 vehementer
1203 2828 1449 2891 suspecti
1469 2827 1539 2878 de
1564 2827 1738 2890 secta,
1765 2827 1823 2878 et
1840 2824 2231 2877 verisimiliter
2251 2825 2450 2875 timent
2469 2822 2744 2882 accusari,

325 2907 376 2956 et
406 2920 462 2959 se
492 2910 764 2959 excusant
798 2907 1090 2973 implicite,
1117 2908 1444 2973 priusquam
1481 2911 1837 2960 accusentur.
1867 2909 2177 2973 Propterea
2211 2906 2349 2958 satis
2384 2905 2539 2957 clare
2572 2920 2634 2957 se
2669 2905 2751 2956 sic

325 2991 624 3042 excusando
648 2994 932 3042 accusant.
961 2990 1338 3057 Singularitas
1362 2992 1514 3043 enim
1551 2992 1714 3043 istius
1749 3006 1914 3043 casus
1949 2989 2206 3055 exposcit
2240 2989 2524 3040 tormenta
2556 2989 2750 3054 singu·

325 3069 470 3132 laria,
493 3073 757 3136 quoniam
780 3071 1070 3140 singulare
1094 3076 1381 3126 certamen
1416 3075 1608 3140 agitur
1641 3074 1698 3125 in
1728 3075 1951 3126 tortura
1974 3075 2033 3125 et
2063 3072 2379 3136 questione,
2407 3085 2518 3122 non
2543 3071 2754 3136 princi-

326 3152 512 3216 paliter
533 3155 802 3206 adversus
836 3154 1145 3221 hominem,
1170 3157 1271 3208 sed
1293 3157 1563 3208 adversus
1587 3157 1906 3215 demonem,
1934 3156 2032 3220 qui
2054 3156 2111 3205 in
2140 3154 2447 3207 Valdenses
2470 3155 2559 3207 ius
2584 3154 2755 3206 habet

327 3237 629 3297 maximum,
654 3237 804 3289 iuste
836 3236 1138 3290 derelictos
1165 3252 1200 3289 a
1222 3239 1363 3299 Dee,
1390 3239 1524 3303 quia
1557 3239 1769 3291 iniuste
1806 3237 2237 3302 dereliquerunt
2257 3236 2454 3296 Deum,
2480 3238 2753 3289 factorem

328 3331 491 3378 suum,
515 3323 643 3379 etc..
665 3320 876 3384 quique
898 3321 1162 3388 suggerit
1183 3323 1242 3374 et
1259 3321 1513 3374 immittit
1534 3335 1828 3386 responsa,
1856 3321 2017 3385 quasi
2036 3319 2302 3385 loquetur
2328 3321 2387 3372 in
2415 3320 2529 3385 eis;
2563 3333 2756 3383 quem·

330 3400 604 3454 admodum
649 3402 893 3468 apostoli
934 3406 1066 3456 ante
1108 3418 1277 3471 reges
1317 3407 1376 3456 et
1409 3404 1715 3469 principes,
1740 3408 1872 3469 post
1918 3404 2161 3468 Spiritus
2205 3402 2396 3455 Sancti
2435 3403 2494 3454 in
2535 3402 2749 3468 linguis

329 3482 494 3548 igneis
525 3487 594 3538 ad
625 3499 725 3538 eos
761 3485 1107 3549 missionem,
1133 3485 1449 3551 loquentes,
1475 3487 1721 3553 Spiritus
1757 3487 1997 3539 Sanctus
2031 3486 2371 3550 loquebatur
2404 3486 2464 3536 in
2499 3486 2583 3537 eis
2640 3484 2749 3545 Qui

332 3564 510 3619 demon
543 3569 794 3635 insuper,
819 3567 1057 3621 visibilis
1091 3568 1393 3635 aliquando
1419 3569 1812 3634 questionatis‚
1840 3568 1977 3622 licet
2011 3583 2123 3620 non
2148 3567 2387 3620 visibilis
2412 3568 2745 3623 astantibus,

332 3649 418 3698 aut
444 3650 736 3703 invisibilis
769 3651 1045 3716 utrisque,
1069 3653 1308 3717 impedit
1339 3653 1517 3705 eciam
1551 3651 1824 3718 linguam,
1850 3653 2044 3704 fauces
2068 3654 2127 3704 et
2148 3654 2341 3703 cetera
2362 3651 2619 3702 membra
2637 3652 2751 3701 tor—

333 3732 515 3785 mstiva
534 3736 704 3794 vocis,
729 3734 1077 3787 sensibiliter
1099 3736 1384 3788 interdum
1409 3738 1468 3787 et
1489 3734 1792 3787 visibiliter
1813 3735 2025 3787 iudicio
2060 3734 2454 3787 assistencium
2478 3746 2547 3786 ea
2571 3734 2749 3784 diver·

333 3812 480 3867 tendo
501 3819 557 3869 ct
588 3818 931 3870 inflectendo
956 3818 1015 3869 in
1041 3821 1260 3882 partem
1284 3818 1485 3883 aliam3
1513 3819 1815 3870 maximam
1840 3818 1992 3870 enim
2019 3817 2408 3871 assistenciam
2430 3816 2511 3868 eis
2535 3817 2754 3881 prestat

334 3894 588 3958 (quoniam
622 3902 963 3966 potestatem
998 3901 1316 3953 mirabilem
1351 3901 1410 3952 in
1446 3912 1545 3953 eos
1568 3899 1781 3966 babet),
1806 3915 1934 3953 cum
1969 3902 2132 3965 quasi
2165 3915 2235 3952 ex
2273 3901 2392 3951 toto
2418 3899 2507 3950 sui
2531 3899 2664 3956 sint,
2691 3900 2750 3949 et

333 3976 542 4045 impedit
562 3997 660 4035 eos
694 3982 871 4047 loqui,
899 3997 969 4036 ne
995 3984 1196 4047 perdat
1219 3984 1452 4047 predam
1477 3996 1636 4036 suam
1660 3984 1720 4034 in
1744 3984 1974 4049 integra
1994 3984 2353 4035 confessione
2384 3981 2472 4033 sui
2506 3995 2670 4033 casus
2694 3982 2756 4032 et

333 4059 382 4111 in
417 4067 772 4117 accusacione
817 4064 1081 4128 aliorum,
1127 4066 1417 4130 potissime
1472 4067 1531 4117 in
1592 4068 1959 4118 accusacione
2015 4067 2314 4124 maiorum,
2361 4065 2458 4129 qui
2513 4065 2753 4129 possunt

335 4148 532 4206 operari
569 4149 787 4200 maiora
824 4149 1080 4200 facinora
1101 4149 1160 4199 in
1201 4149 1533 4212 obsequium
1566 4149 1824 4201 demonis
1859 4151 1919 4200 et
1951 4163 2054 4200 sua
2088 4150 2423 4201 auctoritate
2457 4150 2518 4200 et
2556 4160 2749 4212 prose·

334 4229 539 4282 cueione
581 4233 778 4282 fovere
824 4230 970 4282 hanc
1014 4231 1372 4295 dampnatam
1404 4234 1633 4283 sectam.
1678 4231 1957 4291 Quoniam
2001 4232 2071 4283 ad
2116 4245 2312 4284 verum
2343 4232 2551 4283 bonum
2587 4230 2751 4281 istius

337 4310 407 4361 rei
440 4315 495 4364 et
535 4315 752 4364 tructus
793 4315 961 4377 atque
1004 4314 1219 4378 optima
1263 4316 1533 4379 apertura
1576 4315 1839 4366 consistit
1894 4328 2112 4366 summe
2157 4316 2217 4367 et
2260 4313 2654 4380 principaliter
2694 4314 2753 4364 in

339 4398 570 4457 respectu
603 4397 672 4446 ad
707 4395 952 4448 maiores
992 4396 1355 4455 accusandoS,
1382 4397 1650 4461 quoniam
1682 4397 1890 4462 punire
1924 4396 2144 4461 aliquos
2173 4397 2414 4449 miseros
2438 4399 2497 4448 et
2528 4397 2755 4448 infimos

341 4485 422 4525 seu
463 4477 690 4542 aliquas,
737 4478 922 4543 quoad
967 4479 1213 4530 tructum
1258 4480 1356 4543 qui
1402 4481 1678 4545 sequitur,
1733 4482 1823 4532 est
1873 4479 2057 4531 solum
2114 4480 2371 4531 advisare
2426 4478 2624 4532 fideles
2681 4479 2752 4530 de

343 4552 423 4607 illo
453 4562 594 4611 statu
628 4564 724 4612 aut
759 4562 915 4612 sorte
949 4559 1141 4620 simili,
1185 4574 1257 4613 ne
1292 4562 1546 4614 incidant
1581 4564 1637 4614 in
1673 4562 1831 4614 illam
1867 4565 2097 4615 sectam.
2142 4563 2341 4626 Neque
2381 4562 2750 4615 emendantur

343 4638 516 4693 exinde
538 4643 834 4696 actualiter
854 4641 1161 4696 valdenses
1197 4645 1267 4696 de
1291 4644 1478 4714 equali
1506 4647 1656 4700 statu
1683 4647 1783 4699 aut
1806 4645 2021 4702 maiore
2046 4659 2117 4702 ex
2146 4647 2348 4696 natura
2371 4645 2535 4696 istius
2559 4644 2750 4707 damp-
