3526 5522
1008 593 1346 647 LAATSTE
1414 595 1887 649 NAGEKOMEN
1956 596 2318 651 STUKKEN
2790 616 2892 658 1111

419 770 629 823 papam
663 758 724 809 et
756 770 958 810 omnes
991 758 1047 809 ei
1081 756 1479 819 adhaerentes,
1503 757 1594 811 vel
1618 758 1961 823 complures,
1998 762 2058 811 et
2079 761 2281 812 contra
2301 760 2710 827 imperatorem
2733 766 2892 831 adiu·

421 839 673 891 vantem.
700 838 775 889 Et
794 840 998 904 postea
1018 838 1180 890 vobis
1203 839 1408 905 scripsi
1429 840 1869 893 fornicationem
1903 841 2277 906 spiritualem,
2303 856 2449 907 quae
2483 847 2692 911 regnat
2720 846 2893 900 hodie

422 921 549 973 iere
589 920 651 971 in
690 922 814 972 tota
851 922 1031 981 terra,
1066 922 1314 973 maxime
1348 922 1409 973 in
1444 921 1548 973 illa
1587 935 1733 986 quae
1782 923 1990 975 dicitur
2032 923 2348 977 christiana
2380 940 2395 978 z
2442 930 2645 991 postea
2683 930 2894 981 statum

423 1001 705 1055 ecclesiae
738 1003 1077 1068 praesentis,
1111 1005 1533 1068 consequenter
1565 1002 1800 1057 brevem
1841 1004 2289 1058 destructionem
2323 1008 2383 1060 et
2416 1009 2668 1061 subitum
2691 1010 2892 1063 interi·

425 1085 551 1135 tum
573 1084 762 1149 eius...

495 1165 687 1232 Igitur
708 1181 809 1218 vos
824 1180 990 1233 rogo,
1009 1169 1281 1230 quantum
1300 1166 1541 1234 diligitis
1556 1169 1807 1220 vestram
1825 1168 2086 1230 salutem,
2104 1171 2383 1235 quatenus
2401 1171 2590 1225 velitis
2609 1174 2893 1228 deducere

429 1250 504 1300 ad
527 1260 672 1314 opus
693 1248 818 1308 hoc,
841 1249 997 1313 quod
1020 1250 1173 1301 intus
1207 1249 1564 1302 invenientes
1587 1250 1883 1314 scriptum,
1911 1265 2024 1302 non
2050 1251 2558 1336 timentebclerum
2582 1269 2688 1308 nec
2710 1256 2892 1308 domi·

431 1344 568 1381 num
592 1343 1023 1394 quemcumque,
1058 1331 1302 1383 scientes
1337 1331 1488 1395 quod
1524 1331 1912 1396 unusquisque
1946 1333 2207 1386 nostrum
2237 1334 2442 1387 reddet
2465 1335 2586 1388 Deo
2609 1338 2892 1390 rationem

429 1424 536 1476 pro
561 1425 643 1472 se,
668 1413 728 1464 et
749 1424 865 1463 non
889 1411 1079 1464 clerus
1096 1425 1201 1477 pro
1222 1411 1407 1474 nobis,
1426 1413 1575 1464 sicut
1591 1411 1648 1465 S.
1670 1413 1886 1465 Paulus
1903 1413 2247 1467 testificatur
2270 1416 2341 1467 ad
2357 1416 2668 1477 Romanos,
2689 1421 2893 1482 quarto

431 1493 653 1544 decimo
676 1492 948 1558 capitulo.

498 1574 575 1627 Et
594 1575 780 1640 primo
805 1577 1127 1640 sequuntur
1149 1577 1395 1641 quatuor
1418 1576 1665 1637 articuli,
1691 1591 1797 1642 pro
1834 1578 2040 1643 quibus
2066 1580 2380 1644 supradicti
2409 1579 2647 1633 Bohemi
2671 1583 2732 1635 et
2757 1582 2897 1634 Pra-

431 1665 642 1719 genses
664 1652 1025 1705 bellaverunt
1048 1654 1107 1706 et
1128 1652 1347 1706 bellant
1368 1667 1548 1718 usque
1570 1655 1642 1706 ad
1662 1668 1957 1719 praesens.
1980 1655 2147 1709 Unde
2170 1656 2391 1722 primus
2410 1659 2516 1718 est,
2538 1660 2689 1723 quod
2712 1660 2897 1711 omnis

433 1734 647 1786 veritas
670 1733 995 1799 publicetur
1028 1737 1090 1788 et
1123 1736 1504 1788 annuncietur
1538 1749 1644 1801 per
1678 1738 1862 1788 totum
1896 1738 2172 1789 mundum
2194 1739 2319 1791 sine
2343 1739 2462 1791 ullo
2487 1740 2896 1805 impedimento

435 1818 496 1868 et
517 1816 986 1879 contradictione,
1007 1818 1155 1869 sicut
1170 1817 1207 1869 J
1210 1830 1341 1869 esus
1363 1818 1658 1883 praecepit
1681 1819 1801 1870 suis
1821 1818 2094 1884 apostolis
2113 1820 2309 1873 dicens
2333 1821 2393 1872 in
2412 1820 2617 1874 Matth.
2637 1824 2697 1874 et
2715 1821 2893 1876 Marc.

437 1897 655 1950 ultimis
688 1897 955 1964 capitulla
993 1911 1008 1950 ε
1056 1918 1083 1942 κ
1108 1898 1318 1952 Eunias
1357 1902 1420 1952 in
1455 1903 1782 1952 universum
1827 1900 2123 1961 mundum,
2158 1901 2481 1969 praedicate
2522 1903 2896 1971 Evanyelium

437 1982 595 2032 omni
615 1988 922 2033 cremum.
950 2003 976 2028 ιι
1002 1980 1150 2041 Quia
1170 1981 1232 2032 in
1249 1981 1490 2034 veritate
1507 1982 1670 2033 vobis
1692 1982 1965 2043 certifico,
1984 1984 2136 2047 quod
2162 1985 2316 2035 omni
2339 1984 2432 2038 die
2457 1987 2589 2038 ante
2607 1999 2896 2038 recessum

435 2073 628 2112 meum
650 2060 722 2113 de
745 2061 901 2112 dicta
914 2060 1145 2113 civitate
1164 2060 1447 2127 Pragensi
1469 2062 1596 2114 sine
1616 2061 1736 2112 ullo
1759 2062 2169 2127 impedimento
2188 2065 2355 2116 erant
2369 2065 2732 2130 praedicatae
2749 2064 2897 2117 veri-

438 2143 590 2193 tates
623 2142 870 2207 scriptae
904 2155 1010 2207 per
1043 2144 1271 2194 sanctos
1306 2143 1596 2208 apostolos
1630 2145 1690 2195 et
1722 2144 2035 2209 prophetas
2073 2144 2302 2210 publice
2336 2145 2396 2197 in
2437 2145 2804 2199 schauffaudo
2841 2147 2901 2197 et

439 2223 645 2285 adhuc,
670 2224 720 2275 si
756 2224 879 2275 Deo
912 2223 1152 2289 placeat,
1186 2226 1320 2277 sunt
1352 2225 1411 2275 in
1450 2225 1761 2290 praesenti,
1799 2227 1859 2279 et
1882 2240 1993 2278 non
2019 2226 2433 2292 prohibebatur
2457 2228 2794 2291 cuicumque
2829 2228 2901 2279 de

440 2304 704 2358 habendo
721 2304 969 2358 Bibliam
993 2306 1053 2357 in
1077 2307 1203 2371 eJus
1226 2307 1519 2359 idiomate.
1547 2307 1658 2360 Sed
1676 2309 1737 2360 in
1755 2307 1863 2360 hac
1879 2309 2069 2373 patria
2087 2323 2202 2361 non
2226 2311 2316 2362 est
2338 2323 2538 2362 ausum
2555 2309 2731 2374 loqui,
2755 2310 2905 2361 sicut

443 2400 551 2440 nec
590 2387 804 2440 habere
843 2387 1038 2449 libros,
1081 2389 1217 2452 quia
1254 2389 1509 2454 episcopi
1549 2391 1609 2443 et
1648 2402 1851 2443 eorum
1885 2392 2088 2457 gentes
2127 2392 2361 2456 rapiunt
2399 2392 2595 2443 statim
2636 2391 2900 2453 dicendo,

444 2470 721 2522 habentes
756 2483 884 2523 esse
916 2470 1266 2533 incredulos,
1301 2472 1582 2536 quatenus
1616 2472 1840 2538 possint
1872 2486 2100 2538 semper
2132 2474 2434 2538 cooperire
2468 2486 2669 2526 eorum
2705 2473 2903 2537 nequi-

441 2552 600 2603 tiam.

508 2633 800 2686 Secundus
844 2633 1119 2686 articulus
1160 2636 1268 2693 est,
1311 2637 1465 2700 quod
1505 2637 1699 2688 omnia
1742 2639 1981 2701 peccata
2028 2638 2415 2698 destruantur,
2462 2637 2800 2690 auferantur
2845 2638 2905 2689 et

439 2717 902 2783 prosternantur,
928 2719 1044 2769 tam
1066 2718 1127 2770 in
1155 2715 1378 2770 occulto
1404 2731 1573 2783 quam
1597 2719 1656 2771 in
1681 2721 1903 2785 aperto.
1942 2718 2016 2771 Et
2038 2720 2190 2784 quod
2225 2720 2301 2772 sit
2321 2731 2536 2780 verum,
2560 2732 2675 2771 non
2699 2718 2907 2771 fuisset

440 2802 737 2866 repertum
769 2803 830 2853 in
868 2813 1069 2853 eorum
1103 2800 1258 2853 dicta
1290 2801 1522 2854 civitate
1557 2802 1616 2854 et
1651 2801 1906 2854 dominio
1942 2803 2085 2868 ejus,
2118 2804 2378 2866 tempore
2411 2803 2527 2855 mei
2550 2816 2812 2856 recessus
2847 2805 2907 2856 et

442 2881 618 2949 longo
642 2885 901 2949 tempore
925 2884 1057 2935 ante
1080 2881 1342 2948 lupanar,
1369 2897 1475 2935 nec
1495 2884 1656 2936 fatua
1688 2883 1916 2946 mulier,
1944 2898 2049 2938 nec
2082 2882 2242 2936 lusor
2264 2899 2394 2937 cum
2418 2885 2596 2938 deciis
2632 2886 2731 2938 aut
2763 2884 2905 2938 aleis

442 2967 540 3017 aut
573 2965 827 3018 scacchis
862 2967 962 3018 aut
994 2979 1126 3016 cum
1162 2964 1291 3017 aliis
1325 2964 1476 3018 ludis
1510 2965 1828 3027 inutilibus,
1865 2980 1970 3019 nec
2004 2967 2263 3019 auditum
2296 2980 2526 3020 carmen
2561 2968 2906 3019 mundanum

441 3047 857 3113 quodcumque,
900 3049 1005 3099 sed
1050 3049 1359 3100 cantabant
1401 3048 1625 3100 cantica
1663 3048 2004 3113 spiritualia,
2051 3049 2200 3101 sicut
2248 3046 2419 3102 Pater
2463 3057 2671 3108 noster,
2716 3047 2910 3107 oredo,

447 3130 645 3183 decem
665 3130 976 3195 praecepta
998 3131 1057 3183 et
1081 3129 1307 3191 similia,
1331 3132 1391 3184 et
1414 3130 1599 3183 adhuc
1620 3131 1692 3197 (si
1716 3131 1838 3184 Deo
1862 3129 2107 3196 placeat)
2132 3143 2260 3183 esse
2285 3130 2368 3182 sic
2394 3131 2465 3182 ad
2487 3143 2777 3197 praesens.

506 3212 739 3264 Tertius
764 3208 1039 3264 articulus
1064 3214 1167 3273 est,
1191 3212 1342 3277 quod
1371 3227 1569 3266 omnes
1586 3213 1914 3280 presbyteri
1929 3213 2188 3267 volentes
2208 3213 2293 3266 uti
2310 3213 2511 3265 ordine
2528 3211 2910 3278 presbyterali

444 3308 595 3347 nunc
627 3295 968 3361 regulantur
1002 3295 1208 3362 regula
1240 3296 1299 3348 et
1336 3295 1453 3347 vita
1488 3294 1824 3361 apostolica,
1862 3310 2031 3360 quam
2070 3296 2243 3349 Jesus
2277 3294 2540 3347 Christus
2581 3309 2685 3347 nos
2723 3295 2906 3356 docet,

445 3377 628 3429 Matth
694 3376 793 3438 10.,
834 3379 1011 3429 Marc.
1053 3380 1102 3428 6.
1147 3381 1206 3430 et
1244 3378 1381 3428 Luc.
1437 3378 1517 3427 10.
1562 3377 1844 3442 capitulis,
1889 3378 2295 3443 praecipiendo
2341 3377 2461 3429 suis
2503 3375 2800 3441 discipulis
2848 3377 2907 3428 et

448 3459 715 3512 dicendo:
745 3461 934 3512 Gratis
955 3461 1256 3526 recepistis,
1277 3461 1465 3527 ,qr-atis
1487 3458 1633 3512 date.
1664 3457 1853 3512 Nolite
1869 3459 2160 3528 possidere
2180 3474 2389 3512 aurum
2411 3474 2589 3527 neque
2612 3466 2909 3524 amentum

443 3556 541 3593 nec
557 3543 857 3609 pecuniam
888 3543 953 3593 in
986 3543 1149 3594 zonis
1181 3543 1378 3595 vestris
1414 3547 1463 3593 et
1495 3557 1673 3610 neque
1706 3541 1853 3595 dua-5
1886 3543 2106 3594 tunicas
2140 3539 2405 3602 habeatis,
2441 3543 2612 3593 etc...
2650 3539 2903 3593 Potestis

446 3625 635 3675 autem
657 3623 855 3676 videre
883 3624 1076 3676 omnia
1098 3637 1275 3689 opera
1296 3623 1588 3675 contraria
1603 3624 1665 3676 in
1688 3625 1811 3675 toto
1836 3624 1995 3677 clero
2020 3623 2317 3684 hodierno,
2339 3623 2683 3688 incipientes
2707 3637 2740 3674 a
2763 3634 2912 3687 papa

447 3719 624 3771 usque
665 3706 737 3758 ad
777 3705 1093 3765 minimum,
1141 3706 1276 3770 quia
1316 3719 1466 3772 papa
1510 3707 1570 3759 et
1611 3705 1954 3768 cardinales,
1998 3704 2418 3770 archiepiscopi
2459 3704 2519 3756 et
2557 3704 2813 3769 episcopi
2852 3705 2912 3756 et

446 3788 703 3840 canonici
740 3801 854 3839 non
889 3788 1188 3854 possident
1221 3788 1445 3840 tantum
1479 3788 1601 3850 hoc,
1646 3788 1799 3852 quod
1840 3788 1930 3840 est
1967 3788 2053 3840 eis
2093 3786 2480 3840 necessarium
2517 3799 2625 3852 pro
2666 3798 2911 3851 corpore

447 3869 801 3936 singulorum
837 3870 937 3921 aut
968 3882 1074 3934 pro
1111 3882 1311 3922 eorum
1342 3868 1583 3932 familia,
1620 3870 1721 3923 sed
1755 3869 1973 3923 habent
2004 3867 2423 3921 dominationes
2446 3868 2507 3920 et
2538 3867 2910 3933 principatus,

447 3951 591 4003 sicut
611 3953 799 4003 terras
833 3951 1032 4010 bonas,
1067 3949 1251 4014 villas,
1280 3952 1469 4003 castra
1502 3953 1562 4004 et
1597 3951 1892 4011 fortalitia.
1927 3951 1993 4002 ut
2012 3949 2254 4018 potestis
2286 3949 2483 4002 videre
2507 3948 2568 4003 in
2591 3950 2905 4014 praesenti.

448 4031 611 4086 Unde
633 4032 875 4098 potestis
896 4032 1110 4093 videre,
1128 4033 1281 4097 quod
1304 4047 1418 4085 non
1443 4034 1576 4084 sunt
1593 4032 1861 4099 discipuli
1880 4031 2109 4092 Christi,
2127 4032 2228 4085 sed
2252 4032 2386 4084 sunt
2409 4029 2674 4096 discipuli
2693 4029 2908 4082 diaboli

451 4115 507 4165 et
528 4115 661 4166 sunt
683 4113 1023 4173 antichristi,
1046 4114 1106 4165 id
1131 4115 1220 4166 est
1239 4116 1442 4167 contra
1465 4114 1822 4168 Christum...

512 4195 660 4249 Item
696 4198 757 4249 et
793 4196 964 4249 Jesus
1001 4196 1260 4248 Christus
1293 4197 1606 4263 praecepit,
1648 4197 1845 4250 dicens
1878 4195 2083 4250 Matth.
2120 4195 2185 4246 23
2227 4210 2242 4249 ε
2292 4193 2483 4248 Nolite
2523 4209 2721 4248 vocare
2751 4192 2909 4248 vobis

455 4274 679 4331 Patrem
704 4292 882 4346 supra
904 4284 1134 4339 terram,
1164 4280 1298 4346 quia
1334 4294 1482 4332 unus
1504 4287 1582 4332 est
1605 4278 1783 4332 Pater
1803 4286 1980 4331 vester
2003 4279 2101 4346 qui
2124 4284 2203 4331 cst
2235 4279 2298 4328 in
2332 4274 2502 4341 coelis,
2529 4285 2578 4330 et
2611 4292 2725 4330 non
2756 4292 2908 4330 vocc-

450 4361 595 4410 mini
620 4360 852 4428 Μαρία)
868 4361 911 4425 i,
939 4362 1075 4429 quia
1095 4374 1245 4412 unus
1266 4369 1345 4414 est
1372 4358 1626 4415 Christus
1659 4363 1932 4426 mayister
1963 4368 2155 4413 vester.
2194 4357 2299 4417 Qui
2319 4359 2507 4427 mev'or
2528 4367 2607 4412 est
2637 4365 2907 4418 vestrum,

449 4442 551 4492 erit
571 4443 830 4496 minister
852 4449 1043 4495 vester.
1069 4442 1144 4495 Et
1165 4456 1266 4494 vos
1289 4444 1530 4508 potestis
1564 4443 1762 4496 videre
1796 4442 1953 4495 clare
1975 4454 2197 4507 papam,
2221 4440 2320 4506 qui
2354 4453 2416 4494 se
2439 4441 2578 4493 tacit
2601 4440 2900 4492 nominare

449 4524 674 4575 omnino
710 4524 782 4576 ad
816 4525 1166 4577 contrarium
1190 4524 1426 4577 Patrem
1460 4526 1733 4588 sanctum,
1771 4524 1946 4578 etiam
1979 4523 2234 4590 episcopi
2254 4523 2603 4576 reverendos
2627 4523 2821 4588 patres
2845 4522 2904 4573 in

448 4603 579 4669 Deo,
619 4608 739 4657 tam
779 4606 837 4657 in
878 4620 1076 4660 eorum
1118 4605 1320 4667 literis,
1362 4620 1530 4672 quam
1564 4607 1774 4661 Deo....
1817 4606 1982 4659 Unde
2021 4606 2222 4658 scitote
2271 4606 2332 4657 in
2376 4604 2612 4670 propria
2668 4603 2900 4669 civitate
