3526 5522
1355 574 1564 629 ANNO
1603 575 1730 627 1349
1811 654 1820 664 ὓ
2699 579 2762 630 15

622 789 733 845 Iste
763 796 893 843 sum
925 790 1241 849 cerimonia.
1278 791 1701 858 supersticione-9
1734 796 1785 842 et
1815 791 2197 858 fraternitates
2231 806 2449 856 eorum,

1000 885 1106 941 que
1134 872 1250 925 vise
1281 879 1409 925 sune
1440 872 1566 939 fieri
1596 874 1656 923 in
1690 870 1886 925 multis
1918 871 2074 926 locis.

384 1004 579 1056 Visum
631 1006 721 1057 est
770 1004 828 1055 in
880 1002 1074 1054 multis
1126 1001 1300 1065 villis,
1338 1003 1508 1068 quod,
1546 1004 1679 1054 dum
1729 1003 1866 1054 dicti
1911 1004 2231 1068 penitentes
2264 1018 2327 1057 se
2361 1006 2759 1070 verberabant,

325 1086 490 1151 aliqui
524 1087 815 1139 habebant
855 1085 1188 1153 panniculos
1236 1085 1441 1146 lineos,
1492 1088 1550 1137 et
1600 1086 1683 1138 eis
1733 1085 2036 1151 tergebant
2080 1100 2278 1138 eorum
2328 1089 2654 1155 sanguines,
2703 1092 2763 1142 et

324 1170 477 1234 quasi
512 1172 709 1221 essent
742 1172 1065 1220 sanctorum
1101 1167 1362 1233 reliquie,
1406 1167 1582 1232 aliqui
1618 1165 1943 1233 populares,
1980 1169 2095 1219 tam
2129 1169 2238 1219 viri
2272 1182 2439 1234 quam
2472 1170 2764 1235 mulieres,

319 1252 589 1317 petebant
634 1251 769 1303 illos
821 1250 1173 1317 panniculos,
1210 1252 1270 1302 et
1317 1250 1492 1314 aliqui
1529 1263 1727 1303 eorum
1758 1251 2030 1316 petebant
2061 1249 2179 1302 illis
2212 1252 2531 1317 panniculis
2567 1252 2765 1305 oculos

321 1335 423 1386 sibi
458 1335 642 1401 tangi,
681 1336 741 1386 et
773 1335 855 1386 ita
887 1334 1081 1387 flebat.

380 1416 546 1476 Item,
586 1416 786 1468 dicunt
834 1418 893 1469 et
933 1415 1243 1481 publicant,
1288 1415 1440 1480 quod
1475 1415 1629 1467 Deus
1662 1415 1803 1467 iacit
1833 1429 1939 1482 pro
1975 1416 2115 1482 ipsis
2150 1416 2444 1476 miracula,
2481 1419 2541 1469 et
2570 1418 2631 1470 in
2665 1417 2773 1470 hoc

322 1499 701 1562 menciuntur‚
739 1500 802 1550 ut
836 1499 1136 1564 expertum
1169 1501 1260 1550 est
1291 1510 1327 1549 a
1360 1496 1575 1549 multis.

380 1581 545 1644 Item,
573 1583 934 1634 adducuntur
967 1580 1040 1632 ad
1075 1594 1175 1633 eos
1208 1580 1422 1632 infirmi
1455 1581 1517 1632 et
1547 1579 1807 1647 languidi
1830 1583 1890 1633 et
1914 1582 2053 1642 ceci,
2083 1582 2144 1634 et
2163 1595 2263 1633 eos
2287 1583 2546 1634 nituntur
2568 1596 2770 1637 curare

320 1677 419 1730 per
450 1679 693 1717 suorum
726 1662 1058 1716 baculorum
1091 1664 1431 1721 contactum,
1469 1676 1669 1715 eorum
1702 1663 1990 1715 orationes
2030 1666 2090 1715 et
2121 1665 2500 1731 corrigiarum
2533 1679 2763 1718 suarum

321 1745 650 1813 ligafionem
701 1748 854 1798 circa
904 1759 1101 1799 eorum
1154 1744 1364 1797 collum
1414 1749 1475 1796 et
1518 1758 1751 1797 suorum
1798 1744 2103 1811 pilleorum
2141 1747 2555 1813 appositionem
2593 1761 2764 1814 supra

324 1832 502 1894 caput.

379 1912 546 1974 Item,
584 1913 635 1964 si
689 1911 897 1964 mulier
944 1912 1123 1963 intret
1171 1912 1324 1963 intra
1372 1911 1712 1976 passionem,
1762 1910 1851 1963 vel
1892 1910 2154 1973 clericus,
2198 1912 2331 1964 dum
2374 1912 2592 1964 iaciunt
2634 1927 2764 1966 suas

321 1995 693 2059 penitencias,
729 1995 841 2060 ipsi
876 1994 1226 2060 reincipiunt
1259 2008 1293 2047 a
1325 1995 1512 2060 capite
1547 2008 1678 2046 suas
1713 1994 2079 2059 penitentias.

379 2076 546 2136 Item,
602 2077 824 2128 iaciunt
872 2081 1102 2142 portare
1153 2090 1351 2129 cruces
1402 2079 1462 2129 et
1510 2075 1721 2129 vexilla
1753 2079 1886 2129 ante
1937 2090 2021 2141 se,
2055 2089 2161 2142 per
2205 2075 2397 2129 villam
2449 2091 2618 2142 quam
2662 2091 2767 2144 per

321 2161 579 2224 patriam.

380 2242 543 2304 Item,
583 2256 699 2294 non
755 2243 996 2307 possunt
1046 2240 1345 2294 comedere
1395 2254 1602 2307 panem
1652 2255 1756 2293 nec
1808 2240 2038 2304 aliquod
2087 2240 2387 2303 socculum,
2444 2242 2554 2294 nisi
2603 2243 2765 2308 prius

322 2324 542 2391 hospes,
580 2322 674 2376 vel
710 2323 876 2385 alius,
912 2325 1148 2391 trangat
1180 2323 1270 2376 vel
1305 2323 1527 2375 scindat
1559 2324 1642 2375 eis
1677 2336 1881 2389 panem
1916 2322 2005 2376 vel
2039 2323 2340 2376 socculum.

387 2407 544 2468 Item,
585 2407 805 2459 habent
836 2408 1141 2472 magistros
1176 2421 1331 2468 suos,
1364 2406 1567 2470 quibus
1603 2406 1878 2459 obediunt
1908 2406 1969 2458 in
2003 2406 2283 2458 omnibus.

384 2489 543 2549 Item,
581 2491 862 2542 vocantur
911 2490 970 2541 in
1021 2488 1215 2541 multis
1264 2487 1417 2540 villis
1468 2489 1539 2540 ad
1589 2488 1932 2539 visitandum
1982 2488 2258 2551 infirmos,
2295 2491 2360 2541 ut
2402 2490 2514 2555 ipsi
2559 2489 2764 2543 melius

324 2567 586 2630 habeant,
626 2570 688 2620 et
736 2568 807 2619 ad
857 2581 957 2620 eos
1004 2567 1320 2629 venientes,
1370 2568 1590 2631 ponunt
1636 2566 1820 2633 pileos
1860 2580 1992 2618 suos
2027 2580 2199 2632 super
2232 2580 2431 2620 eorum
2464 2568 2670 2634 capita,
2706 2571 2765 2621 et

323 2645 463 2699 oolla
494 2659 609 2698 sua
639 2644 825 2713 ligant
857 2647 976 2698 suis
1010 2644 1274 2712 flagellis,
1313 2646 1566 2698 dicentes
1604 2646 1775 2698 Pater
1805 2651 2009 2706 noster,
2039 2648 2152 2697 Avo
2173 2643 2378 2699 Maria.

380 2728 540 2791 Item,
587 2728 777 2793 alique
810 2728 1112 2782 societates
1135 2741 1333 2782 eorum
1355 2727 1566 2781 habent
1583 2726 1790 2795 pilleos
1812 2727 1931 2780 sive
1954 2725 2274 2789 mantellos,
2299 2728 2420 2782 sive
2441 2729 2761 2789 comedant,

322 2814 435 2866 sive
464 2813 694 2873 bibant,
728 2812 841 2863 nisi
874 2825 1003 2864 cum
1035 2812 1250 2863 vadunt
1281 2812 1353 2863 ad
1386 2825 1528 2876 opus
1563 2813 1786 2864 nature.

379 2896 541 2955 Item,
606 2894 924 2960 aliquarum
976 2894 1319 2948 societarum
1366 2895 1576 2947 stan-es
1629 2908 1742 2945 non
1793 2893 2011 2945 intrant
2059 2892 2331 2959 hospicia,
2371 2895 2443 2946 ad
2487 2907 2597 2958 que
2632 2896 2766 2947 sunt

321 2979 537 3031 invitati
600 2976 691 3030 vel
747 2977 951 3037 vocati,
1008 2977 1121 3028 nisi
1177 2976 1382 3042 aliquis
1438 2990 1613 3029 unum
1663 2989 1864 3029 eorum
1919 2976 2162 3030 traxerit
2213 2989 2321 3042 per
2369 2990 2619 3038 manum,
2666 2991 2766 3030 eos

327 3060 761 3115 introducenda

378 3144 544 3211 Item,
604 3145 814 3195 vocant
862 3157 925 3195 se
976 3143 1222 3195 invicem
1263 3140 1490 3209 fratres,
1542 3141 1788 3194 dicendo
1825 3155 1840 3194 τ
1897 3159 1924 3183 ι
1975 3140 2180 3194 Frater
2225 3140 2539 3203 Johannes,
2587 3143 2769 3197 stater

325 3226 513 3289 Petro,
542 3251 570 3273 ¹·
609 3229 723 3279 etc.

383 3309 548 3376 Item,
586 3308 834 3375 quilibet
867 3321 1068 3361 eorum
1100 3307 1293 3374 portat
1322 3305 1656 3359 mantellum
1688 3304 1783 3358 vel
1813 3304 2049 3371 pileum,
2085 3318 2314 3359 crucem
2346 3308 2478 3360 ante
2512 3308 2572 3360 et
2602 3308 2759 3360 retro

328 3391 383 3444 in
414 3390 693 3446 mantello
729 3393 788 3443 et
820 3390 1014 3456 pilleo.

381 3475 549 3536 Item,
583 3474 821 3541 portant
851 3486 1079 3525 crucem
1132 3485 1396 3540 magnam
1452 3473 1511 3523 et
1560 3470 1789 3531 vexilla,
1845 3484 1975 3524 cum
2024 3470 2296 3524 incedunt
2342 3484 2450 3538 per
2495 3471 2660 3524 villas
2708 3474 2768 3526 et

845 3653 1147 3707 Nationale
1183 3652 1539 3706 Bibliotheek
1573 3653 1630 3705 te
1668 3654 1872 3718 Pariis,
1908 3652 2016 3707 Ms-
2050 3655 2126 3705 tr.
2170 3651 2301 3703 2598
2342 3654 2563 3715 (Ancien
2599 3654 2767 3723 fond-3

912 3735 1140 3799 colbert,
1165 3735 1281 3788 HS.
1306 3744 1367 3787 11¹·
1388 3735 1580 3802 82983),
1615 3735 1904 3789 Fransche
1938 3736 2316 3802 voortzetting
2349 3748 2456 3787 van
2492 3737 2562 3788 de
2598 3733 2763 3790 Chro-

903 3820 1205 3955 vgquewc-lg
1231 3820 1348 3872 reis
1380 3818 1451 3872 de
1484 3821 1695 3872 Franco
1723 3833 1840 3887 par
1868 3819 2019 3888 frere
2053 3816 2373 3871 ouillaume
2412 3817 2481 3870 de
2525 3818 2762 3889 Nanqis,

1316 4106 1419 4173 1¹7
1471 4098 1697 4187 (194¹‘¹⁸
1719 4109 1791 4187 ⁰).

429 4313 642 4384 1349,
684 4307 1046 4394 Augu->tus
1073 4311 1190 4382 24,
1223 4302 1576 4389 Kortrzjjk.
1607 4306 1988 4370 Vlaamsche
2011 4307 2609 4388 vergunmngsbriei
2630 4322 2756 4371 van

330 4410 509 4485 graai
540 4407 873 4486 Lodewijk
896 4424 1022 4470 van
1056 4408 1226 4470 Male
1249 4423 1375 4469 aan
1407 4406 1484 4468 de
1517 4405 2000 4469 kmisbroeders
2031 4423 2157 4469 van
2188 4408 2266 4473 de
2301 4407 2590 4485 kasselrij
2631 4423 2757 4470 van

330 4506 612 4585 Iepercn,
673 4523 780 4570 om
812 4509 878 4570 in
915 4506 964 4569 ’t
998 4506 1321 4584 openbaar
1354 4506 1568 4567 bunne
1601 4505 2062 4585 boetedoening
2109 4509 2175 4569 te
2222 4507 2637 4585 volbrengen.
2674 4537 2757 4551 —

335 4606 556 4670 Gezien
588 4606 669 4670 de
691 4606 1023 4686 toelating,
1056 4605 1217 4669 door
1249 4603 1375 4667 hen
1408 4603 1763 4685 verkregen
1797 4621 1919 4668 van
1955 4605 2032 4667 de
2064 4606 2409 4669 vicarissen
2459 4622 2586 4669 van
2633 4603 2757 4665 den
