3526 5522
828 579 894 630 52
1860 579 2067 631 ANNO
2107 579 2230 629 1418

825 742 1108 795 homicide
1141 742 1336 811 est(l),
1357 765 1383 790 n
1419 745 1478 796 et
1511 757 1741 797 rursum
1767 757 1780 793 ε
1822 763 1848 787 κ
1872 741 1948 795 Et
1980 744 2030 794 si
2063 745 2226 809 pater
2250 757 2418 795 sensu
2442 743 2735 804 defecerit,
2761 727 2982 796 veniam
3006 745 3173 809 da(2),
3202 769 3226 791 ι

823 838 996 891 porro
1041 828 1293 878 sanctam
1337 826 1635 880 ecclesiam
1680 840 1805 879 esse
1850 826 2091 878 matrem
2128 827 2419 892 ipsiusque
2463 826 2782 891 prepositos
2822 827 2947 879 tore
2993 829 3229 892 parentes

823 923 989 961 nemo
1024 908 1278 961 fidelium
1319 909 1556 970 dubitat,
1599 911 1901 974 postquam
1938 922 2136 961 eorum
2176 922 2314 960 cura
2355 908 2414 958 in
2459 921 2618 973 spem
2657 910 2850 961 future
2891 909 3229 961 beatitudinis

821 992 1082 1058 gignitur
1105 992 1164 1044 et
1186 993 1452 1050 nutritur,
1481 994 1756 1056 quatenus
1792 991 1893 1043 tali
1929 990 2270 1058 genealogia
2301 989 2639 1042 clericorum
2662 1004 2933 1043 numerus
2955 1005 3230 1044 consume-

826 1074 937 1135 tur,
987 1087 1226 1138 cumque
1280 1075 1490 1139 prefati
1540 1077 1827 1139 parentes,
1880 1088 1983 1140 pro
2036 1073 2205 1125 huius
2261 1074 2658 1140 generacionis
2707 1074 3139 1139 perpetuacione
3180 1077 3229 1126 et

821 1156 1151 1209 assiduitate
1189 1156 1570 1208 continuanda
1607 1171 1786 1221 usque
1823 1157 1892 1208 ad
1928 1157 2420 1209 consumacionem
2454 1155 2651 1215 seculi,
2689 1155 2915 1208 decenti
2951 1158 3229 1222 possessio-

823 1252 959 1291 num
991 1238 1408 1304 temporalium,
1446 1252 1509 1292 se
1543 1240 2019 1306 sustentancium,
2053 1252 2194 1304 opus
2228 1238 2672 1304 perpetuacione
2706 1237 2971 1297 habeant,
2997 1241 3225 1305 protecto

824 1321 1223 1379 subtrahentes
1259 1323 1319 1374 et
1350 1323 1676 1374 auferentes
1710 1322 1829 1374 sive
1864 1322 2243 1374 diminuentes
2278 1320 2450 1374 talem
2474 1321 2899 1386 possessionum
2928 1321 3226 1374 habundan-

821 1405 988 1463 ciam,
1043 1404 1356 1469 predictam
1416 1405 1856 1471 generacionem
1920 1405 2354 1467 sustentantem,
2414 1418 2526 1455 non
2584 1404 2804 1455 tantum
2858 1404 3132 1457 homicide
3178 1406 3226 1456 et

821 1488 1097 1551 patricide
1144 1487 1413 1540 censendi
1457 1489 1608 1546 sunt,
1669 1488 1770 1539 sed
1832 1487 2004 1539 etiam
2051 1486 2388 1539 atrocissimi
2434 1486 2831 1553 generacionis
2861 1487 3086 1546 ⁴Christi
3122 1488 3225 1538 iere

826 1570 1230 1622 destructores.
1258 1570 1437 1631 Quam
1472 1570 1543 1622 ob
1578 1583 1719 1629 rem,
1746 1570 1806 1622 et
1827 1570 1877 1621 si
1899 1569 2187 1636 predictos
2220 1570 2486 1635 parentes
2509 1568 2780 1635 pretactis
2803 1569 3224 1634 possessionibus

824 1652 996 1705 etiam
1040 1653 1197 1704 abuti
1241 1653 1619 1720 contingeret,
1669 1652 1823 1704 intra
1867 1651 2078 1704 limites
2122 1652 2257 1704 fidei
2300 1664 2505 1703 revera
2550 1652 2632 1702 sic
2681 1651 3089 1718 indulgendum
3137 1654 3223 1711 est,

827 1736 977 1799 quod
999 1737 1234 1800 propter
1252 1735 1390 1787 talia
1413 1734 1619 1787 delicta
1641 1734 1883 1788 ecclesia
1900 1734 2017 1786 suis
2034 1734 2486 1799 possessionibus
2509 1735 2568 1786 et
2590 1734 2810 1786 iuribus
2834 1748 2949 1786 non
2967 1734 3223 1799 spolietur,

827 1818 962 1882 quia
982 1818 1254 1883 scriptum
1277 1818 1383 1877 est,
1410 1818 1561 1882 quod
1599 1838 1624 1861 a·
1651 1817 1921 1870 delictum
1954 1829 2198 1883 persone
2230 1818 2291 1868 in
2329 1817 2630 1881 dampnum
2665 1816 2909 1870 ecclesie
2932 1818 3221 1870 redundare

829 1915 943 1952 non
977 1899 1150 1953 debet
1164 1901 1238 1965 (3)
1263 1916 1319 1966 ις
1344 1913 1590 1965 persona
1607 1899 2102 1974 vero-delinquens
2122 1899 2193 1951 ad
2224 1898 2520 1951 arbitrium
2545 1899 2633 1950 sui
2656 1899 2861 1951 iudicis
2885 1899 3222 1965 competentis

830 1985 889 2035 et
927 1997 1041 2034 non
1081 1982 1334 2044 alterius,
1383 1983 1627 2035 maxime
1673 1983 1886 2034 subditi
1931 1983 1991 2035 et
2033 1981 2199 2048 layci,
2253 1982 2340 2033 est
2383 1981 2691 2047 punienda,
2738 1982 2875 2045 quia
2919 1996 3106 2034 servus
3142 1984 3223 2033 aut

833 2066 946 2117 stat
984 2069 1083 2117 aut
1121 2066 1273 2118 cadit
1311 2079 1412 2117 suo
1454 2066 1681 2117 domino
1700 2065 1790 2129 (4).
1832 2065 1907 2117 Et
1938 2065 2021 2117 ita
2058 2065 2360 2130 presertim
2399 2063 2507 2115 hoc
2540 2078 2674 2116 casu
2714 2065 2999 2131 agendum
3037 2066 3130 2123 est,
3164 2077 3222 2115 ne

832 2150 947 2200 tam
986 2147 1284 2200 benedicta
1322 2148 1626 2215 generacio
1665 2146 2194 2213 interpollacionem
2233 2147 2474 2212 recipiat
2516 2147 2607 2199 vel
2653 2146 2919 2199 aborsum
2966 2160 3142 2204 unum,
3176 2148 3223 2197 et

832 2232 1077 2283 termina
1108 2232 1346 2282 istorum
1379 2233 1678 2296 parentum
1713 2244 1747 2282 a
1779 2229 1940 2295 prole
1975 2230 2222 2296 tegenda
2253 2231 2386 2281 sunt
2427 2228 2902 2282 Christoflliorum
2944 2230 3083 2287 Noe,
3117 2228 3220 2281 Sem

833 2314 892 2366 et
930 2312 1151 2378 Iaphet,
1193 2327 1265 2365 ne
1303 2313 1514 2377 proles,
1554 2313 1808 2378 paternis
1846 2311 2126 2364 insultans
2167 2311 2508 2377 obprobriis,
2543 2310 2956 2376 percelleretur
2995 2310 3222 2364 maledic·

832 2395 1083 2447 tionibus
1139 2395 1331 2455 Cham,
1378 2397 1476 2460 qui
1519 2397 1680 2448 iuxta
1722 2398 2048 2447 sanctorum
2101 2395 2408 2461 Augustini
2453 2396 2511 2446 et
2553 2395 2841 2459 leronymi
2897 2394 3219 2453 sententiam,

832 2479 967 2542 quia
1019 2492 1091 2530 ex
1145 2477 1277 2530 hinc
1333 2478 1634 2531 maledicta
1685 2477 1878 2544 proles
1933 2478 2221 2537 extiterat,
2268 2479 2426 2529 recte
2470 2476 2641 2529 etiam
2685 2477 2921 2542 punitur
2960 2477 3019 2528 in
3061 2474 3220 2541 prole;

834 2561 1019 2627 qualis
1058 2561 1302 2625 denique
1341 2561 1622 2614 Iohannes
1662 2561 1786 2613 Hus
1818 2561 1879 2612 in
1914 2559 2024 2612 hoc
2062 2574 2223 2611 sacro
2265 2559 2682 2611 Constantiensi
2721 2558 2981 2624 generali
3019 2557 3223 2611 concilio

831 2643 981 2695 iusto
1018 2643 1124 2695 Dei
1157 2642 1368 2694 iudicio
1404 2643 1737 2707 dampnatus
1771 2642 1967 2701 tuerit,
1991 2642 2109 2693 suis
2134 2640 2426 2694 demeritis
2460 2642 2519 2693 et
2551 2639 2842 2692 erroribus
2877 2639 3221 2707 exigentibus,

831 2726 986 2780 inter
1018 2727 1212 2779 cetera
1244 2738 1316 2779 ex
1349 2738 1418 2779 eo
1455 2725 1515 2779 et
1545 2739 1649 2792 pro
1685 2739 1773 2788 eo,
1811 2725 1944 2790 quia
1973 2724 2343 2791 pertinaciter
2382 2723 2672 2776 asserebat
2709 2725 2768 2775 et
2806 2723 3110 2786 astruebat,
3142 2733 3226 2787 per

829 2808 1020 2875 laycos
1060 2809 1132 2861 ad
1172 2818 1337 2861 suum
1372 2808 1670 2860 arbitrium
1708 2821 1876 2874 posse
1914 2807 2064 2859 bona
2103 2806 2438 2872 temporalia
2474 2804 2631 2858 licite
2677 2805 2893 2857 auferri
2930 2819 2965 2857 a
3000 2803 3225 2871 personis

830 2891 1232 2945 ecclesiasticis
1270 2893 1506 2957 propter
1547 2904 1746 2944 eorum
1785 2892 2035 2957 peccata,
2075 2889 2402 2955 intelligere
2436 2890 2695 2941 nesciens
2735 2888 2885 2952 quod
2925 2886 3225 2953 temporalis

830 2974 1220 3040 spiritualibus
1258 2975 1342 3025 sic
1380 2976 1513 3026 sunt
1551 2987 1791 3037 annexa,
1835 2974 1986 3038 quod
2023 2971 2348 3039 spiritualia
2385 2972 2509 3024 sine
2554 2969 2963 3036 temporalibus
2999 2972 3092 3023 diu
3123 2980 3224 3021 esse

792 3046 798 3052 ’
832 3071 947 3110 non
958 3059 1212 3123 possunt,
1229 3059 1288 3111 et
1308 3058 1458 3122 quod
1476 3057 1625 3109 bona
1639 3055 1979 3122 temporalia
1996 3055 2077 3107 ita
2095 3055 2413 3107 sustentant
2431 3052 2817 3107 sacerdocium
2831 3052 3226 3120 ewangelicum,

831 3141 977 3192 sicut
1007 3142 1363 3194 sacramenta
1385 3138 1624 3193 ecclesie
1658 3153 1787 3191 cum
1820 3152 1923 3190 suo
1956 3137 2114 3190 cultu
2146 3138 2257 3202 ipsi
2292 3136 2400 3188 soli
2434 3135 2758 3188 sacerdotes
2798 3135 3228 3188 concelebrantes

830 3226 891 3275 et
931 3223 1320 3275 miuistrantes
1367 3222 1688 3274 sustentant
1742 3222 1913 3286 atque
1956 3221 2320 3285 conservant3
2367 3220 2518 3271 unde
2575 3217 2912 3283 temporalia
2957 3218 3100 3270 bona
3139 3228 3230 3266 non

830 3308 945 3358 tam
991 3319 1098 3372 pro
1151 3306 1507 3358 sacerdotum
1546 3319 1712 3369 quam
1757 3318 1862 3369 pro
1906 3303 2092 3355 cultus
2139 3302 2314 3354 divini
2358 3301 2761 3363 celebratione,
2808 3299 3231 3355 continuacione-

830 3389 1250 3441 sustentacione
1287 3389 1523 3440 fundata
1561 3390 1620 3439 et
1658 3389 1779 3440 Deo
1818 3386 2008 3438 oblata
2046 3387 2194 3444 sunt,
2246 3386 2306 3437 et
2338 3386 2472 3448 quia
2514 3384 2868 3436 sacramenta
2906 3383 3233 3436 sacerdotum

830 3471 1053 3523 bonitas
1089 3471 1179 3525 vel
1214 3471 1440 3523 malicia
1473 3468 1869 3524 substancialis
1903 3469 2101 3534 nequit
2132 3467 2435 3520 meliorare
2471 3467 2557 3519 vel
2593 3466 2968 3525 deteriorare,
2994 3464 3233 3530 quonism

831 3567 1028 3606 eorum
1062 3554 1354 3607 dumtaxat
1385 3552 1653 3619 potencia
1686 3552 1930 3603 sufficiat
1960 3549 2063 3603 illa
2095 3551 2451 3602 sacramenta
2494 3548 2807 3610 celebrare,
2843 3549 3119 3601 conficere
3148 3555 3233 3595 seu

831 3636 1156 3690 ministrare
1189 3639 1251 3689 et
1282 3636 1616 3688 continuare
1648 3635 1711 3686 in
1746 3633 2007 3687 ecclesia.
2046 3631 2170 3692 Qua
2201 3632 2271 3685 de
2303 3646 2390 3694 re,
2415 3632 2741 3684 auferentes
2764 3629 3095 3697 temporalia
3114 3625 3235 3677 viris

833 3718 1253 3783 ecclesiasticis,
1300 3716 1514 3771 cultum
1558 3716 1859 3784 religionis
1902 3715 2212 3768 christiane
2252 3714 2569 3775 destruunt,
2613 3713 2747 3777 quia
2786 3711 3237 3765 sustentacionem

830 3803 1189 3854 sacerdotum
1232 3803 1522 3866 auferunt,
1563 3800 1723 3852 cuius
1769 3798 1902 3851 fulti
1944 3798 2154 3850 robore
2198 3797 2422 3863 pretato
2467 3795 2746 3848 vacabunt
2787 3792 3145 3848 celebrationi
3186 3788 3239 3839 et

827 3885 1031 3951 cultui3
1067 3885 1165 3950 qui
1198 3887 1334 3937 tunc
1367 3885 1551 3936 cultus
1584 3881 1979 3947 multipliciter
2012 3880 2345 3940 destruitur,
2385 3880 2608 3944 quando
2645 3879 2911 3931 decentes
2942 3871 3233 3944 possessio·

832 3982 966 4020 num
995 3968 1445 4020 sustentaciones
1477 3966 1738 4032 personis
1773 3963 2173 4017 ecclesiasticis
2207 3963 2562 4026 auferuntur,
2596 3962 2720 4026 ipse
2753 3974 2970 4025 quoque
2989 3965 3236 4025 persone»

841 4148 3241 4186 ....-........-..-.-..--.--------—--———-—-

900 4301 972 4365 (l)
1014 4302 1177 4354 Prov.
1203 4299 1463 4362 XXVIII,
1490 4299 1570 4352 24.

902 4385 973 4448 (2)
1009 4382 1380 4437 Ecclesiastici
1403 4383 1508 4450 111,
1535 4384 1619 4435 15.

900 4465 973 4529 (3)
1007 4465 1317 4519 Dect-atalia
1343 4465 1624 4534 Greyorii,
1648 4465 1747 4517 lib.
1774 4463 1847 4523 ΙΙ,
1876 4462 1964 4516 tit.
1990 4474 2124 4525 xxv,
2149 4476 2273 4529 cap.
2296 4461 2349 4527 6,
2373 4461 2432 4514 in
2462 4458 2675 4531 Corpus
2696 4464 2845 4516 iuris
2865 4458 3127 4516 canonici.
3150 4447 3235 4505 ed·

837 4548 1171 4612 Lancelotti,
1197 4548 1304 4600 blz.
1331 4547 1449 4599 303.

903 4632 974 4698 (4)
1010 4630 1168 4685 Rom.
1198 4631 1351 4696 XIV,
1376 4631 1427 4684 4.
