3526 5522
818 532 916 586 130
1816 536 1919 589 AN
1925 535 2024 590 ΝΟ
2062 534 2188 588 1483

883 699 1002 751 Nos
1040 712 1177 752 sane
1222 700 1423 752 horum
1469 701 1718 752 virorum
1766 700 2079 768 diligentiis
2118 701 2354 765 inducti,
2397 715 2535 766 quas
2575 702 2645 754 ad
2693 716 2793 754 nos
2836 704 3219 769 propositiones

814 782 1066 841 misistis,
1092 795 1206 835 una
1225 783 1431 835 ceteris
1455 797 1583 835 cum
1606 784 1836 848 scriptis
1870 785 2334 837 examinavimus.
2358 784 2584 840 Verum.
2611 786 2743 850 post
2773 800 3005 852 magnos
3035 787 3217 837 varios-

814 878 923 928 que
947 878 1050 930 per
1084 879 1185 916 nos
1217 866 1507 930 susceptos
1541 864 1785 926 labores,
1808 880 1923 925 eas,
1950 881 2088 931 quas
2113 867 2371 926 dicimus,
2396 868 2835 934 propositiones,
2856 867 3218 934 theologorum

812 962 883 999 ex
918 960 1074 998 more
1099 947 1468 1011 qualificataS,
1493 949 1596 999 sub
1632 949 1813 1000 nostri
1847 948 2047 1001 bidelli
2082 951 2250 1014 atque
2286 950 2472 1002 scribe
2505 949 2732 1016 publico
2770 952 3131 1002 instrumento
3160 951 3215 1002 ad

810 1030 1026 1082 vestras
1060 1030 1368 1097 dignitates
1399 1030 1760 1094 remittimus,
1798 1046 1896 1083 vos
1930 1045 2278 1099 magnopere
2316 1031 2374 1083 in
2408 1032 2632 1084 Christo
2667 1034 2807 1086 Jesu
2842 1035 3144 1091 exorantes,
3167 1036 3220 1084 ut

808 1113 996 1164 vestro
1035 1113 1094 1164 in
1132 1112 1342 1178 populo
1385 1114 1834 1167 modificationes
1878 1116 2049 1180 ipsaS,
2088 1129 2194 1180 per
2234 1129 2336 1167 nos
2376 1129 2603 1181 magno,
2640 1117 2704 1167 ut
2744 1116 3005 1176 diximuS,
3046 1115 3215 1168 labore

807 1195 1111 1258 contectas,
1153 1209 1257 1260 per
1310 1196 1505 1247 doctos
1545 1195 1698 1247 viros
1750 1197 1822 1248 ad
1873 1197 2054 1248 nostri
2102 1197 2408 1249 Salvatoris
2460 1197 2722 1265 gloriam,
2760 1199 2831 1249 ad
2866 1212 2965 1250 sue
3009 1199 3218 1250 ecclesie

804 1276 1108 1329 utilitatem
1143 1279 1311 1342 atque
1344 1278 1649 1331 ierarchici
1673 1280 1890 1331 ordinis
1914 1279 2189 1332 honorem
2213 1279 2523 1345 populique
2546 1280 2788 1333 salutem
2809 1280 3035 1345 publice
3056 1280 3215 1345 predi-

804 1373 936 1411 care
979 1360 1201 1412 faciatis
1243 1374 1346 1412 nec
1383 1362 1572 1413 vestro
1611 1362 1673 1414 ιιι
1720 1364 1977 1427 tempore
2019 1376 2053 1414 a
2090 1363 2278 1428 pravis
2322 1363 2646 1415 hominibus
2691 1377 2885 1415 sanam
2930 1364 3215 1415 doctrinam

803 1442 1113 1495 christiano
1156 1444 1216 1494 in
1256 1443 1466 1509 populo
1506 1444 1830 1497 conculcari
1868 1446 2184 1510 patiamini.
2233 1445 2359 1498 Erit
2404 1446 2629 1499 demum
2670 1446 2830 1498 vobis
2870 1459 3091 1512 semper
3129 1445 3216 1496 hec

806 1538 968 1578 sacra
1002 1525 1241 1578 facultas
1281 1527 1353 1578 ad
1390 1528 1698 1592 prestanda
1737 1526 1951 1580 auxilia
1988 1529 2211 1594 ingenti
2249 1529 2435 1580 studio
2477 1531 2647 1593 atque
2686 1529 2881 1581 labore
2913 1530 3125 1594 parata.
3160 1527 3219 1578 Et

805 1606 990 1660 valeat
1044 1622 1270 1674 semper
1312 1608 1454 1661 telix
1497 1610 1654 1662 clara
1697 1611 1906 1663 virtute
1953 1613 2122 1675 atque
2168 1611 2427 1663 doctrina
2482 1612 2710 1676 predita
2763 1613 2954 1663 vestra
3008 1610 3221 1663 ecclesia

804 1690 1045 1757 insignis
1076 1691 1293 1756 pariter
1327 1693 1387 1744 et
1416 1693 1575 1745 cetus
1609 1693 1984 1745 venerandus.

867 1773 954 1825 Ex
1004 1775 1197 1827 nostra
1248 1776 1693 1842 congregatione
1748 1776 2007 1843 generali
2063 1777 2212 1842 apud
2268 1777 2533 1829 Sanctum
2585 1777 2932 1830 Maturinum
2990 1775 3219 1828 Parisius

798 1856 1131 1910 solemniter
1184 1856 1490 1919 celebrata,
1549 1859 1791 1924 septima
1839 1859 2052 1912 mensis
2108 1859 2406 1913 Februarii
2451 1874 2597 1913 anno
2656 1860 2885 1960 Domini
2939 1858 3216 1911 millesimo

803 1939 1360 2007 quadringentesimo
1398 1941 1785 2007 octuagesimo
1821 1943 2088 1995 secundo·

864 2022 952 2073 Ad
975 2023 1165 2075 omnia
1193 2023 1353 2075 vobis
1386 2025 1552 2091 grata
1585 2025 1952 2088 paratissimi,
1988 2026 2234 2078 decanus
2259 2027 2317 2079 et
2337 2025 2576 2077 facultas
2612 2025 2942 2091 theologie
2924 2040 2987 2078 ιιι
3019 2025 3216 2077 univer·

803 2103 973 2157 sitate
999 2104 1330 2159 Parisiensi.

2557 2174 2905 2228 Ansxfflmu.

1321 2287 1559 2341 Archies
1598 2290 1702 2343 der
1741 2289 2064 2347 hoosdkerk
2105 2291 2160 2342 te
2197 2290 2471 2347 Doornik‚
2515 2288 2830 2344 cartulaire
2864 2288 2935 2355 G,
2978 2288 3079 2341 sol.
3116 2286 3217 2351 1595

1385 2372 1694 2439 atgedrukt
1737 2372 1813 2437 bij
1861 2372 1932 2424 P.
1979 2371 2341 2432 Demeuldre.
2389 2372 2560 2425 Frere
2602 2371 2749 2427 Jean
2793 2372 3019 2440 Anyeli‚
3061 2373 3118 2424 in
3159 2371 3217 2422 de

1381 2452 1653 2507 Bulletim
1697 2454 1767 2507 de
1812 2453 1870 2507 la
1918 2453 2280 2508 Commission
2328 2455 2521 2525 royale
2565 2454 2866 2518 d’histoire,
2912 2456 3002 2506 5⁶·
3043 2458 3213 2515 rocks,

1382 2535 1507 2589 deel
1532 2536 1687 2597 VIII,
1714 2538 1823 2590 blz.
1850 2538 2093 2589 355-356.
2117 2565 2185 2576 —
2204 2539 2302 2590 Zie
2335 2539 2444 2590 den
2476 2538 2630 2591 tekst
2662 2539 2764 2591 der
2798 2540 3215 2607 veroordeeling

1375 2619 1429 2683 (5
1453 2617 1749 2683 Februari)
1773 2620 1833 2671 in
1862 2619 2073 2688 Corpus
2093 2620 2139 2679 1,
2165 2620 2272 2672 blz.
2299 2619 2539 2680 450-453,
2558 2634 2631 2673 en
2653 2620 2729 2680 11,
2754 2620 2860 2672 blz.
2886 2620 3007 2676 391.

1794 2842 1905 2908 se
1957 2837 2224 2924 (372*π).
2270 2828 2285 2836 ’

891 3044 1101 3116 1483,
1143 3036 1505 3106 Februari
1546 3047 1658 3118 18,
1699 3040 1941 3106 Rome.
1982 3044 2182 3105 Breve
2215 3059 2342 3105 van
2381 3059 2541 3122 paus
2575 3038 2792 3105 Sixtus
2826 3045 2938 3120 IV,
2985 3043 3212 3125 gericht

783 3140 882 3204 tot
931 3140 1052 3202 den
1100 3139 1306 3202 deken
1355 3159 1436 3204 en
1484 3142 1562 3204 de
1609 3142 2211 3221 parochiepastoors
2259 3158 2385 3204 van
2434 3143 2600 3204 Gent
2643 3158 2799 3205 over
2828 3142 2941 3205 het
2990 3143 3211 3224 geschil

778 3238 1080 3301 tusschen
1112 3239 1234 3301 den
1268 3241 1645 3320 magistraat
1682 3257 1761 3304 en
1796 3241 1874 3303 de
1898 3240 2367 3303 Predikheeren
2400 3257 2773 3320 opgerezen.
2824 3275 2908 3288 —
2947 3246 3041 3306 De
3072 3258 3213 3322 paus

782 3340 994 3401 neemt
1041 3338 1152 3400 het
1201 3354 1283 3416 op
1332 3355 1494 3403 voor
1542 3340 1691 3402 deze
1735 3340 2011 3402 laatsten
2045 3357 2125 3402 en
2155 3339 2351 3402 drukt
2381 3340 2545 3417 zijne
2577 3341 3073 3421 verwondering
3101 3343 3204 3414 uit,

783 3437 894 3500 dat
926 3438 1003 3500 de
1025 3439 1323 3516 pastoors
1355 3439 1432 3500 de
1463 3438 1696 3518 heilige
1729 3439 2088 3502 communie
2119 3438 2365 3501 hebben
2396 3439 2752 3518 uitgedeeld
2784 3456 2912 3503 aan
2944 3442 3024 3504 de
3048 3440 3212 3503 leden

783 3553 908 3599 van
942 3536 1063 3599 den
1095 3539 1454 3601 Gentschen
1502 3538 1905 3617 magistram,
1947 3538 2048 3600 die
2097 3539 2174 3600 de
2206 3537 2677 3601 Predikheeren
2707 3539 2954 3602 hebben
2997 3540 3211 3620 geboy-

779 3636 1085 3699 cotteerd.
1119 3639 1210 3699 De
1243 3654 1402 3715 paus
1434 3636 1605 3716 geeft
1636 3637 1816 3699 bevel
1850 3636 1929 3699 de
1961 3636 2429 3699 Predikheeren
2463 3638 2532 3698 in
2565 3638 2642 3700 de
2673 3638 3207 3716 parochiekerken

777 3736 878 3797 tot
924 3734 1036 3798 het
1083 3734 1338 3798 houden
1387 3752 1514 3797 van
1562 3751 1935 3799 sermoenen
1985 3738 2093 3800 toe
2140 3736 2206 3798 te
2255 3736 2430 3798 laten
2479 3753 2557 3799 en
2607 3737 3055 3802 daarenboven
3101 3737 3205 3800 den

774 3834 1155 3913 magistraat
1186 3836 1286 3898 tot
1335 3833 1711 3915 intrekking
1757 3836 1963 3915 zijner
2010 3834 2395 3914 maatregels
2427 3836 2493 3898 te
2525 3852 2894 3900 vermanen.
2935 3835 3207 3917 Weigert

777 3932 864 4012 hij
877 3981 893 4008 ,
934 3932 1058 3996 dan
1084 3932 1185 3995 zal
1212 3933 1289 3996 do
1321 3950 1482 4012 paus
1515 3936 1772 4014 strenge
1802 3934 2187 4014 mastregels
2210 3951 2461 3997 nemen.

840 4087 1031 4140 Sixtus
1083 4101 1230 4154 papa
1283 4087 1399 4141 1111
1457 4086 1664 4141 dilecto
1723 4088 1842 4141 filio
1904 4090 2117 4142 decano
2176 4088 2608 4142 christianitatis
2669 4104 2735 4142 ac
2796 4091 3009 4143 curatis
3066 4088 3204 4156 opidi

774 4170 1109 4223 Gandensis.

837 4251 1040 4305 Dilecti
1077 4252 1201 4315 filii,
1238 4252 1500 4306 salutem.
1535 4253 1602 4306 Id
1628 4254 1917 4320 fidedigna
1948 4254 2238 4308 relacione
2273 4255 2590 4316 didicimus,
2616 4257 2785 4320 quod,
2811 4256 2944 4309 licet
2964 4257 3028 4309 in
3050 4255 3202 4322 opido

771 4334 1055 4388 Gandensi
1079 4336 1279 4388 contra
1303 4336 1534 4401 pietatis
1568 4350 1760 4402 opera,
1798 4337 1904 4390 Dei
1941 4337 2240 4398 honorem,
2276 4337 2516 4391 ecclesie
2550 4337 2872 4392 libertatem
2906 4341 2967 4392 ct
3000 4339 3202 4392 anima-

770 4431 900 4470 rum
923 4416 1183 4477 salutem,
1210 4431 1319 4482 que
1342 4432 1414 4471 ex
1439 4420 1634 4471 auditu
1669 4420 1831 4472 verbi
1865 4420 1973 4473 Dei
2010 4421 2211 4482 oritur,
2237 4420 2465 4486 publico
2501 4421 2686 4473 edicto
2721 4422 2826 4473 sub
2859 4423 3033 4475 certis
3053 4420 3199 4487 penis

767 4500 1032 4554 inibitum
1065 4498 1143 4551 sit
1172 4499 1402 4566 popu10,
1428 4515 1501 4554 ne
1532 4503 1777 4554 tratmm
1811 4502 2242 4556 predicatorum
2276 4503 2398 4555 illic
2431 4503 2632 4557 devote
2674 4505 2989 4558 vivencium
3024 4502 3199 4555 divina

770 4582 958 4636 officia
972 4579 1441 4648 [trequentarent]
1459 4584 1548 4637 vel
1568 4585 1650 4637 eis
1669 4584 2008 4639 elemosinas
2025 4586 2425 4653 elargirentur,
2437 4586 2496 4639 in
2514 4587 2829 4640 animarum
2848 4602 2958 4640 non
2976 4598 3197 4654 parvum
