3526 5522
1333 606 1436 659 AN
1439 605 1543 662 No
1577 604 1704 658 1487
2643 606 2741 659 147

381 775 580 831 Primo,
607 773 975 838 inquisitores
996 766 1252 826 heretice
1272 771 1570 837 pravitatis
1589 771 1886 837 deputatos
1905 771 2244 825 auctoritate
2261 772 2412 825 sedis
2430 771 2740 838 apostolice

323 858 465 909 iuxta
501 858 743 908 formam
778 869 1058 907 canonum
1095 855 1494 908 commendant
1526 854 1789 920 magistri
1821 867 1981 905 sacre
2015 853 2308 921 theologie
2344 855 2650 919 subscripti
2682 856 2742 907 et

323 940 617 998 hortantur,
645 939 798 1003 quod
822 939 1129 1005 dignentur
1150 938 1421 1003 prosequi
1453 951 1582 989 cum
1616 935 1737 989 zelo
1761 949 1961 989 eorum
1984 937 2251 989 officium.
2279 936 2556 996 Secundo,
2585 938 2735 1001 quod

322 1022 579 1074 maleficia
599 1035 767 1087 posse
789 1021 917 1073 fleri
934 1020 1311 1086 permissione
1330 1020 1521 1071 divina
1539 1033 1609 1071 ex
1632 1020 2035 1084 cooperatione
2060 1019 2288 1085 dyaboli
2319 1033 2423 1084 per
2450 1018 2739 1072 maleficos

321 1108 404 1157 aut
423 1104 724 1163 maleficas,
745 1118 858 1156 non
882 1105 971 1156 est
1002 1103 1352 1155 contrarium
1391 1102 1528 1154 fidei
1565 1100 1868 1166 catholice,
1888 1103 1986 1154 sed
2026 1116 2337 1154 consonum
2372 1102 2537 1153 dictis
2578 1116 2739 1154 sacre

318 1189 596 1252 scripture,
637 1200 768 1252 ymo
810 1186 1193 1238 necessarium
1226 1185 1331 1244 est,
1368 1185 1529 1236 iuxta
1572 1184 1884 1236 sententias
1919 1186 2242 1236 sanctorum
2283 1186 2597 1242 doctorum,
2635 1184 2737 1236 illa

319 1270 635 1334 quandoque
657 1281 825 1335 posse
849 1268 976 1321 fleri
999 1268 1318 1320 admittere.
1357 1266 1579 1325 Terci0,
1606 1267 1904 1331 predicare
1928 1280 2089 1333 ergo,
2123 1265 2403 1318 maleficia
2426 1281 2538 1317 non
2573 1281 2741 1332 posse

319 1353 446 1418 fleri,
489 1365 797 1405 erroneum
841 1352 948 1412 est,
994 1351 1131 1415 quia
1172 1350 1257 1402 sic
1299 1350 1658 1416 predicantes
1704 1349 2040 1415 impediunt,
2088 1351 2358 1414 quantum
2399 1349 2457 1400 in
2503 1350 2587 1401 eis
2632 1350 2743 1407 est,

318 1450 440 1500 opus
466 1435 625 1501 pium
648 1433 1048 1498 inquisitorum
1071 1434 1132 1484 in
1154 1432 1533 1498 preiudicium
1558 1430 1757 1484 salutis
1782 1432 2118 1484 animarum.
2144 1431 2375 1484 Secreta
2398 1436 2605 1493 tamen,
2632 1447 2743 1497 que

318 1517 635 1582 quandoque
653 1518 724 1568 ab
748 1516 1182 1580 inquisitoribus
1206 1516 1530 1573 audiuntur,
1558 1529 1671 1567 non
1705 1516 1839 1566 sunt
1861 1515 2121 1567 omnibus
2143 1515 2465 1567 revelanda.
2504 1514 2740 1575 Ultimo,

317 1598 640 1652 exhortandi
682 1599 919 1651 veniunt
971 1612 1167 1651 omnes
1219 1598 1510 1663 principes
1555 1599 1615 1650 et
1663 1598 1985 1663 quicunque
2032 1597 2316 1658 catholici,
2368 1600 2427 1649 ut
2473 1599 2740 1650 assistere

317 1681 607 1748 dignentur
630 1682 746 1732 tam
778 1681 890 1745 piis
922 1680 1069 1731 votis
1102 1679 1504 1744 inquisitorum
1537 1692 1641 1745 pro
1678 1680 2011 1732 defensione
2044 1680 2239 1732 sancte
2272 1678 2551 1731 catholice
2584 1680 2740 1732 fidei.

372 1764 604 1816 Demum
622 1775 758 1816 vero
776 1762 1082 1826 subscripti
1100 1761 1160 1814 et
1180 1762 1552 1827 suprascripti
1575 1763 1837 1813 doctores
1860 1762 2115 1826 predicte
2137 1761 2424 1814 facultatis
2448 1761 2740 1829 theologie

316 1846 555 1897 manibus
577 1844 831 1911 propriis
854 1858 917 1897 se
940 1844 1420 1909 subscripserunt,
1444 1846 1617 1909 prout
1637 1858 1766 1910 ego,
1804 1844 2091 1896 Arnoldus
2127 1845 2381 1896 notarius
2415 1844 2745 1910 infrascrip-

317 1930 412 1989 tus,
453 1942 524 1981 ex
561 1927 847 1981 relatione
887 1925 1114 1978 honesti
1144 1926 1425 1979 «Iohannis
1464 1925 1653 1977 Vorda
1694 1927 1765 1979 de
1799 1925 2125 1988 Mechlinia‚
2169 1926 2315 1978 alme
2354 1927 2741 1979 universitatis

316 2010 655 2064 Coloniensis
693 2008 907 2062 bedelli
941 2009 1133 2068 iurati,
1161 2009 1258 2073 qui
1297 2007 1473 2059 michi
1520 2008 1628 2059 hoc
1672 2007 1890 2070 retulit,
1940 2010 2129 2062 audivi
2168 2012 2229 2062 et
2265 2011 2351 2074 (ut
2388 2024 2459 2063 ex
2482 2010 2741 2062 manibus

317 2095 473 2145 etiam
496 2106 697 2160 supra·
721 2093 780 2145 et
811 2090 1194 2157 infrascriptis
1218 2091 1505 2156 apparuit)
1551 2090 1688 2156 vidi,
1728 2092 1789 2143 in
1827 2091 1997 2156 hunc,
2033 2091 2131 2154 qui
2166 2092 2444 2157 sequitur,
2467 2093 2697 2144 modum
2724 2106 2738 2143 :

322 2196 345 2218 ι
367 2176 501 2243 Eg0,
530 2175 873 2228 Lambertus
895 2174 966 2226 de
1006 2173 1220 2235 Monte,
1244 2186 1407 2226 sacre
1431 2172 1722 2240 theologie
1752 2172 1984 2225 humilis
2008 2176 2318 2241 professor,
2344 2176 2426 2228 ita
2447 2176 2651 2235 sentim
2680 2177 2743 2227 ut

317 2259 693 2323 prescribitur,
720 2257 865 2310 teste
899 2256 1007 2308 hac
1028 2269 1198 2308 manu
1221 2269 1350 2308 mea
1379 2256 1633 2321 propria,
1657 2269 1762 2321 pro
1798 2258 2055 2321 tempore
2091 2256 2356 2309 decanus.
2382 2280 2408 2302 υ
2443 2285 2510 2295 -
2546 2277 2571 2300 κ
2590 2257 2738 2324 Ego,

318 2342 547 2394 Jacobus
583 2342 657 2393 de
693 2339 939 2398 Stralen,
965 2351 1127 2391 sacre
1150 2338 1440 2404 theologie
1486 2339 1779 2404 professor
1801 2339 2086 2398 minimus,
2121 2340 2204 2391 ita
2225 2340 2431 2404 senti0,
2477 2342 2542 2392 ut
2572 2355 2745 2406 supra

320 2425 589 2484 scribitur,
618 2423 772 2488 quod
787 2422 1064 2474 testificor
1080 2435 1251 2474 manu
1273 2435 1404 2475 mea
1422 2422 1677 2486 propria.
1706 2444 1732 2467 .-
1750 2449 1819 2459 —
1842 2442 1867 2465 u
1882 2421 2026 2488 Ego,
2054 2421 2354 2474 Udalricus
2376 2423 2655 2475 Kridwiss
2675 2425 2745 2475 de

320 2506 627 2574 Esslingen‚
653 2518 817 2558 sacre
840 2504 1131 2571 theologie
1164 2506 1457 2569 professor
1491 2504 1848 2565 novissimus,
1875 2507 1940 2556 ut
1969 2504 2350 2570 prescriptum
2372 2506 2479 2566 est,
2505 2505 2587 2557 ita
2616 2520 2742 2559 sen-

318 2590 582 2649 ciendum,
610 2589 718 2640 hac
756 2601 956 2639 manus
994 2586 1227 2653 proprie
1261 2587 1545 2652 scriptura
1577 2600 1804 2638 censeo.
1833 2610 1858 2632 2·
1898 2614 1965 2624 —
2006 2608 2032 2630 a
2068 2588 2143 2640 Et
2176 2602 2305 2654 ego,
2341 2588 2633 2640 conradus
2674 2589 2744 2641 de

319 2671 544 2737 Campis,
565 2684 731 2723 sacre
749 2669 1041 2736 theologie
1058 2671 1351 2735 professor
1368 2668 1714 2728 humilimus,
1732 2671 1906 2734 prout
1927 2683 2100 2735 supra
2122 2684 2249 2721 cum
2270 2670 2579 2721 maioribus
2602 2671 2745 2722 meis

319 2752 370 2804 in
391 2753 535 2806 idem
557 2766 840 2805 concurro
863 2751 1153 2804 iudicium.
1182 2774 1209 2798 n
1237 2778 1300 2788 —
1339 2771 1364 2793 ιι
1390 2750 1533 2818 Ego,
1560 2749 1860 2804 Cornelius
1895 2752 1965 2803 de
1999 2751 2205 2812 Breda,
2230 2752 2496 2804 minimus
2518 2753 2741 2818 profes-

319 2849 422 2899 sor,
452 2837 534 2888 ita
566 2836 777 2900 sentiO,
817 2836 881 2886 ut
911 2834 1290 2899 prescriptum
1325 2835 1431 2891 est,
1465 2834 1617 2898 quod
1656 2834 1933 2887 testificor
1965 2848 2135 2886 manu
2168 2849 2296 2887 mea
2326 2835 2576 2900 propria.
2616 2858 2642 2881 n
2677 2862 2744 2874 -

318 2943 368 2955 -
397 2938 421 2961 ι
445 2918 587 2984 Eg0‚
616 2917 865 2970 Thomas
888 2917 958 2968 de
982 2916 1197 2976 Scocia,
1224 2930 1385 2969 sacre
1420 2916 1711 2983 theologie
1744 2919 2056 2982 professor,
2081 2916 2217 2969 licet
2252 2918 2585 2983 immeritus,
2610 2933 2741 2970 con·

319 3002 563 3053 formiter
597 3001 785 3052 sentio
809 2999 1228 3052 venerabilibus
1250 3000 1670 3064 professoribus
1705 3001 2061 3066 prescriptis,
2097 3002 2243 3052 teste
2274 3014 2443 3052 manu
2466 3014 2594 3054 mea
2613 2992 2744 3067 pro*-

319 3084 448 3147 pria.
462 3107 487 3130 ι»
503 3104 610 3128 -κ
626 3083 773 3150 Ego,
787 3082 1172 3135 Theodericus
1192 3082 1262 3133 de
1282 3080 1583 3144 Bummell,
1596 3096 1757 3134 sacre
1777 3082 2066 3148 theologie
2084 3083 2415 3135 humilimus
2432 3086 2746 3150 professor,

319 3166 390 3217 ita
418 3167 623 3225 sentio,
648 3167 797 3217 sicut
817 3165 1196 3230 prescriptum
1231 3165 1320 3217 est
1353 3178 1457 3230 per
1479 3165 1785 3231 magistros
1821 3178 1976 3217 meos
1998 3167 2365 3231 prescriptos,
2392 3167 2542 3231 quod
2568 3167 2747 3220 testor

319 3263 472 3301 manu
494 3263 626 3301 mea
646 3249 897 3314 propria.
928 3270 953 3293 ι·
976 3275 1043 3285 -
1077 3268 1102 3290 a
1134 3246 1201 3299 In
1226 3246 1549 3299 assercione
1578 3247 1948 3299 articulorum
1970 3249 2418 3314 prescriptorum
2440 3250 2749 3302 conformis

321 3332 500 3384 iudicii
521 3347 650 3385 sum
667 3346 796 3382 cum
813 3330 1151 3383 venerandis
1168 3331 1458 3398 magistris
1479 3330 1687 3382 nostris
1704 3332 2136 3397 preceptoribus
2153 3332 2314 3390 meis,
2340 3346 2469 3398 ego,
2493 3332 2751 3386 Andreas

324 3414 384 3466 de
401 3414 763 3477 Ochsenfurt‚
774 3427 934 3467 sacre
953 3412 1243 3480 theologie
1262 3412 1550 3466 facultatis
1567 3413 1861 3478 professor
1874 3413 2348 3481 aetheologorum
2365 3415 2751 3468 universitatis

325 3496 666 3550 coloniensis
682 3495 914 3563 collegii
936 3496 1221 3548 minimus.
1250 3519 1275 3541 π

381 3580 694 3632 Novissime
750 3580 938 3631 autem
981 3580 1039 3630 et
1089 3578 1339 3631 finaliter
1375 3579 1682 3643 jamdictus
1726 3578 2070 3631 venerabilis
2116 3581 2176 3631 et
2212 3579 2519 3646 religiosus
2568 3582 2750 3634 frater

326 3661 590 3714 Henricus
647 3661 934 3714 Institoris
978 3661 1282 3725 inquisitor
1320 3661 1519 3713 habuit
1562 3662 1621 3712 et
1653 3661 1838 3713 tenuit
1881 3663 1942 3713 in
1996 3663 2114 3714 suis
2160 3663 2420 3715 manibus
2466 3666 2748 3729 quandam

325 3743 481 3797 aliam
503 3744 756 3796 litteram
779 3757 1219 3810 pergameneam
1242 3744 1594 3796 serenissimi
1614 3744 1772 3810 regis
1797 3744 2207 3809 Romanorum,
2225 3745 2416 3812 sigillo
2441 3761 2543 3799 suo
2571 3749 2750 3800 rubeo

324 3829 552 3879 rotundo
577 3829 639 3879 in
656 3840 827 3892 capsa
843 3839 976 3879 cere
999 3826 1202 3893 glauce
1219 3827 1501 3891 impressa
1524 3825 1863 3892 impressula
1894 3828 2229 3895 pergameni
2250 3829 2491 3882 inferius
2535 3830 2752 3896 impen-

328 3909 482 3963 dente
504 3909 833 3976 sigillatam,
860 3923 1054 3961 sanam
1089 3910 1148 3961 et
1179 3909 1482 3976 integram,
1509 3923 1621 3960 non
1650 3909 1932 3972 viciatam,
1959 3925 2073 3962 non
2096 3912 2463 3975 cancellatam
2486 3926 2670 3976 neque
2694 3913 2753 3965 in

330 3992 506 4058 aliqua
538 3994 629 4045 sui
662 3994 825 4059 parte
860 3994 1199 4059 suspectam,
1223 3994 1324 4044 sed
1359 3993 1513 4044 omni
1544 4006 1781 4059 prorsus
1814 3993 1960 4045 vicio
1997 3995 2055 4046 et
2088 3994 2409 4060 suspicione
2446 3996 2755 4058 carentem,

331 4075 404 4127 ita
433 4077 583 4141 quod
624 4076 681 4129 in
714 4074 1033 4129 faciliorem
1066 4075 1494 4141 expedicionem
1532 4073 1702 4127 huius
1739 4075 1966 4143 negocii
2004 4077 2138 4129 fidei
2170 4077 2321 4130 idem
2362 4077 2758 4130 serenissimus

335 4158 581 4211 dominus
614 4161 1004 4212 Romanorum
1036 4171 1140 4210 rex
1174 4160 1429 4223 prefatus
1463 4158 1644 4223 ipsam
1675 4159 1915 4211 eandem
1936 4158 2151 4211 bullam
2174 4159 2541 4225 apostolicam
2563 4174 2761 4228 supra-

334 4241 545 4303 tactam,
584 4244 851 4307 tanquam
887 4241 1391 4293 christianissimus
1425 4240 1693 4307 princeps
1735 4242 1883 4293 tueri
1929 4242 1988 4293 et
2027 4242 2333 4295 defendere
2370 4242 2552 4295 voluit
2589 4246 2759 4309 atque

335 4321 461 4384 vult,
486 4325 547 4378 et
577 4325 733 4391 ipsos
767 4323 1132 4388 inquisitores
1167 4325 1226 4375 in
1261 4337 1420 4376 suam
1455 4324 1835 4376 omnimodam
1868 4324 2282 4389 protectionem
2314 4325 2567 4390 suscipit,
2602 4339 2758 4378 man-

338 4403 464 4457 dans
487 4407 546 4460 et
568 4407 888 4473 precipiens
908 4406 1168 4458 omnibus
1191 4407 1250 4458 et
1272 4405 1514 4472 singulis
1537 4407 1797 4458 Romano
1820 4407 2061 4471 imperio
2092 4406 2349 4472 subditis,
2373 4407 2456 4470 ut,
2479 4407 2540 4459 in
2563 4422 2761 4461 execu-

341 4486 484 4541 tione
506 4489 704 4541 talium
729 4488 1095 4555 negociorum
1119 4489 1272 4550 fidei,
1293 4489 1433 4555 ipsis
1453 4488 1886 4554 inquisitoribus
1905 4502 2130 4540 omnem
2150 4490 2403 4542 favorem
2421 4491 2481 4542 et
2503 4491 2767 4543 assisten-

345 4569 470 4623 tiam
491 4571 798 4625 exhibeant
830 4586 895 4623 ac
919 4570 1057 4623 alias
1079 4571 1310 4632 faciant,
1336 4573 1508 4636 prout
1538 4571 1599 4622 in
1633 4571 1832 4622 eadem
1866 4569 2059 4622 littera
2091 4570 2315 4636 plenius
2349 4572 2675 4624 continetur
2707 4575 2766 4624 et

349 4650 593 4706 habetur.
617 4653 790 4706 Cuius
812 4653 1040 4717 quidem
1060 4651 1252 4706 littere
1273 4653 1486 4720 regalis
1512 4652 1855 4719 principium
1878 4654 1937 4706 et
1958 4652 2087 4704 finis
2110 4653 2205 4705 hic
2237 4653 2390 4706 infra
2422 4655 2765 4707 annotantur
