3526 5522
1292 601 1502 657 ANNO
1537 602 1666 654 1460
2625 604 2716 656 101

300 768 624 831 pertractant
655 765 910 819 illustres
945 766 1228 827 doctores,
1254 768 1313 819 et
1345 768 1694 835 singularius
1727 771 1787 822 et
1821 769 1894 821 ad
1925 766 2159 834 longum
2195 782 2358 822 sacer
2391 768 2491 821 ille
2525 769 2726 822 doctor

299 850 472 902 beatus
505 850 751 902 Thomas
787 851 858 902 de
892 850 1116 914 Aquino
1150 851 1211 901 in
1245 851 1432 915 prima
1464 853 1628 917 parte
1662 866 1765 904 sue
1798 851 2042 904 Summe.
2069 851 2182 904 Sed
2217 852 2277 904 in
2313 854 2553 905 materia
2575 855 2634 905 et
2666 854 2725 905 in

298 946 444 984 causa
463 931 847 995 Valdensium‚
874 933 956 983 ita
977 934 1041 983 ut
1063 933 1271 985 exinde
1297 934 1672 1000 calumpniari
1695 937 1907 999 queant
1928 938 2027 987 aut
2050 935 2295 987 debeant
2330 932 2726 988 accusaciones

297 1016 355 1067 de
374 1015 731 1080 complicibus
753 1028 859 1081 per
882 1029 981 1067 eos
1005 1017 1174 1081 lactc,
1200 1017 1311 1068 ista
1332 1015 1683 1082 possibilitas
1707 1019 2224 1082 representacionis
2249 1021 2310 1070 et
2342 1019 2723 1085 apparicionis

297 1096 562 1149 hominum
585 1099 1092 1151 determinatorum
1116 1100 1264 1163 apud
1289 1100 1503 1161 doctoS‚
1531 1101 1972 1165 circumspectos
1997 1104 2056 1152 et
2078 1101 2256 1152 bonos
2293 1102 2509 1155 iudices
2534 1102 2720 1153 locum

300 1194 394 1232 non
425 1181 593 1232 habet
614 1195 684 1233 ex
707 1181 1145 1246 precedentibus
1180 1184 1239 1233 et
1271 1184 1335 1232 ut
1367 1196 1473 1246 per
1506 1182 1748 1248 amplius
1784 1183 2090 1247 sequencia
2111 1181 2239 1234 luce
2261 1184 2471 1236 clarius
2495 1185 2724 1236 demon·

300 1263 550 1315 sti-abunt.
587 1263 660 1316 Et
698 1262 808 1314 hoc
847 1264 1027 1314 eciam
1070 1263 1239 1316 facile
1283 1265 1371 1315 est
1409 1265 1604 1316 videre
1651 1279 1723 1317 ex
1774 1265 2227 1317 confessionibus
2268 1268 2328 1319 et
2365 1267 2726 1331 processibus

301 1344 660 1403 valdensium,
707 1347 974 1410 quoniam
1021 1346 1333 1398 valdenses
1381 1347 1647 1399 distincte
1693 1349 2049 1412 cognoscunt
2092 1350 2152 1399 et
2197 1349 2530 1401 discernunt
2571 1349 2727 1400 viros

298 1427 460 1479 reales
481 1431 541 1480 et
561 1442 728 1480 veros
753 1442 787 1480 a
809 1429 1145 1481 demonibus
1169 1432 1228 1481 et
1251 1428 1522 1495 dyabolas
1549 1445 1583 1481 a
1602 1431 1939 1483 mulieribus
1953 1447 1971 1495 ς,
1999 1444 2195 1494 quare,
2215 1432 2264 1482 si
2286 1431 2414 1483 talis
2430 1444 2730 1497 represen-

299 1512 424 1562 tacio
446 1512 524 1562 ibi
548 1512 732 1571 fieret,
760 1511 1288 1576 deprehenderetur
1323 1526 1357 1563 a
1391 1514 1528 1565 viris
1563 1516 1623 1565 et
1657 1512 1996 1565 mulieribus
2032 1513 2369 1566 astantibus.
2397 1514 2471 1567 Et
2503 1514 2600 1578 qui
2624 1513 2734 1564 hoc

297 1593 490 1653 scribit,
517 1595 804 1645 neminem
830 1594 973 1646 vidit
995 1597 1096 1646 aut
1117 1596 1333 1648 audivit
1356 1596 1807 1648 examinatorum
1832 1595 2218 1656 Valdensium,
2242 1597 2469 1660 quinon
2488 1610 2734 1662 cognos-

297 1676 433 1725 ceret
464 1687 600 1726 vere
634 1677 694 1726 et
727 1674 997 1727 distincte
1032 1676 1446 1728 discrecionem
1479 1679 1537 1728 et
1572 1676 1961 1728 differenciam
1995 1689 2101 1741 per
2134 1676 2314 1728 multa
2347 1677 2558 1728 indicia
2578 1676 2733 1727 inter

297 1755 572 1808 mulierem
596 1770 787 1809 veram
812 1759 871 1810 et
895 1758 1194 1823 dyabolam
1219 1760 1280 1810 et
1302 1758 1569 1811 similiter
1592 1760 1747 1811 inter
1770 1759 1955 1810 virum
1979 1761 2037 1811 et
2062 1759 2386 1825 dyabolum.

352 1839 404 1890 Si
435 1840 627 1904 itaque
660 1839 762 1899 hii,
790 1841 886 1904 qui
923 1840 1187 1906 exempla
1221 1842 1428 1893 afferre
1462 1842 1700 1907 cupiunt
1730 1842 2141 1907 pretendencia
2173 1842 2728 1906 representacionem

298 1920 569 1974 hominum
608 1936 712 1988 per
754 1924 1023 1975 demones
1060 1924 1118 1975 in
1152 1924 1269 1975 illis
1304 1924 1855 1991 congregacionibus
1896 1925 1955 1975 in
1996 1938 2138 1976 sexu
2178 1926 2357 1983 vario,
2402 1925 2579 1976 nescii
2619 1924 2736 1975 sint

297 2002 597 2057 litterarum
619 2008 678 2057 et
699 2007 887 2057 minus
915 2008 1124 2071 ydonei
1145 2008 1216 2059 ad
1240 2006 1585 2071 loquendum
1610 2008 1668 2059 in
1696 2006 1907 2059 talibus
1926 2007 2202 2065 materiis,
2221 2010 2415 2072 preter
2434 2007 2560 2065 hoc,
2582 2006 2733 2070 quod

301 2087 483 2141 fimere
507 2088 738 2151 habent,
763 2104 837 2142 ne
871 2092 1059 2142 animo
1083 2090 1233 2143 malo
1258 2090 1397 2142 talia
1419 2092 1808 2151 enunciantes,
1836 2104 1946 2155 que
1969 2091 2259 2156 ignorant,
2283 2090 2734 2142 excommunica·

300 2169 500 2223 cionem
523 2172 838 2231 incurrant,
864 2174 1133 2237 quoniam
1156 2174 1214 2225 in
1239 2187 1301 2225 se
1325 2175 1414 2226 est
1437 2174 1799 2240 impediendo
1832 2173 2079 2225 officium
2112 2175 2306 2225 sancte
2340 2172 2735 2237 inquisicionis

299 2254 351 2303 et
375 2255 635 2314 tractum,
660 2256 922 2307 incidunt
955 2270 1069 2308 non
1103 2256 1310 2318 minus,
1336 2257 1663 2323 impingunt
1694 2257 1755 2309 et
1787 2257 1986 2309 errant
2018 2256 2078 2308 in
2113 2258 2173 2308 et
2206 2257 2408 2307 contra
2429 2254 2733 2307 articulum

301 2334 416 2388 fidei
430 2338 747 2391 reductive:
775 2358 801 2380 a
815 2337 1078 2391 Sanctam
1096 2338 1396 2392 ecclesiam
1415 2339 1773 2397 catholicam,
1786 2340 1918 2404 etc„
1933 2361 1959 2385 n
1980 2352 2109 2391 cum
2129 2352 2241 2402 qua
2261 2340 2414 2391 stare
2434 2339 2494 2390 et
2514 2337 2733 2390 sentire

301 2418 553 2472 deberent
573 2423 634 2473 in
657 2421 813 2472 omni
836 2421 1187 2483 obediencia,
1215 2422 1538 2475 humilitate
1561 2425 1619 2474 et
1641 2423 1849 2474 timore
1869 2436 1936 2474 ac
1952 2422 2088 2474 fidei
2104 2422 2339 2487 pietate,
2365 2423 2425 2474 et
2446 2421 2734 2486 captivare

302 2515 446 2554 suum
465 2503 820 2556 intellectum
842 2504 902 2555 in
927 2505 1262 2570 obsequium
1285 2506 1439 2566 fidei,
1464 2507 1635 2570 atque
1653 2504 1896 2557 ecclesie
1913 2506 2108 2556 sancte
2135 2505 2498 2568 acquiescere
2521 2503 2734 2555 iudicio

302 2586 352 2636 et
389 2586 756 2638 ordinacioni.
804 2587 938 2652 Ipsa
981 2589 1134 2641 enim
1179 2588 1462 2640 catholica
1505 2587 1766 2646 ecclesia,
1802 2589 2041 2653 propter
2088 2587 2191 2638 has
2246 2586 2734 2652 congregaciones

301 2664 645 2721 Valdensium
680 2670 741 2720 in
777 2669 972 2723 multis
1005 2670 1340 2736 regionibus
1382 2671 1827 2723 christianorum
1862 2671 1920 2721 et
1954 2659 2191 2735 propt'er
2225 2669 2483 2721 enormia
2515 2668 2736 2720 scelera

304 2752 583 2804 commissa
601 2752 661 2804 in
686 2752 771 2804 eis
789 2755 888 2805 aut
905 2754 1265 2806 consecutive
1283 2756 1345 2818 (ἵ)
1367 2755 1426 2805 in
1451 2755 1557 2814 eis,
1575 2754 1734 2806 recte
1757 2754 1933 2806 sentit
1956 2753 2014 2805 et
2037 2752 2253 2804 iudicat
2267 2752 2585 2817 puniendos
2608 2765 2734 2803 esse

305 2833 580 2898 utriusque
613 2849 782 2887 sexus
818 2835 1079 2888 homines
1113 2839 1171 2888 et
1204 2838 1351 2888 iuste
1383 2851 1449 2889 ac
1482 2837 1927 2894 racionabiliter,
1955 2850 2020 2887 ac
2052 2837 2230 2886 eciam
2254 2835 2516 2899 procedit
2536 2838 2737 2886 contra

307 2919 577 2970 accusatos
598 2932 670 2971 ex
694 2918 904 2970 talibus
926 2920 1475 2986 congregacionibus
1498 2923 1631 2985 (que
1658 2934 1855 2973 errare
1881 2933 1993 2971 non
2012 2919 2285 2981 creditur,
2305 2932 2431 2969 cum
2455 2918 2738 2983 dirigatur

308 3011 338 3047 a
357 2998 558 3064 Spiritu
593 3001 800 3054 Sancto
836 3003 895 3053 et
927 3017 962 3055 a
994 3001 1199 3068 regula
1229 3002 1518 3055 infallibili
1552 3003 1848 3068 potissime
1883 3003 1941 3053 in
1967 3001 2100 3060 hiis,
2125 3014 2237 3065 que
2261 3002 2504 3066 tangunt
2526 3000 2738 3061 fldem).

311 3080 577 3135 Deberent
613 3084 757 3136 tales
795 3086 976 3137 eciam
1014 3099 1076 3137 se
1116 3086 1355 3137 refferre
1396 3086 1527 3146 hiis,
1567 3087 1664 3150 qui
1706 3086 1945 3137 audiunt
1985 3084 2285 3148 loquentes
2330 3083 2641 3135 valdenses
2681 3086 2740 3134 et

310 3177 585 3226 processus
607 3168 842 3219 faciunt.
870 3169 931 3219 Si
952 3182 1088 3220 vero
1123 3167 1267 3220 tales
1303 3168 1619 3234 allegantes
1654 3167 1918 3233 exempla
1951 3167 2061 3218 sibi
2096 3167 2206 3232 ipsi
2244 3167 2397 3218 docti
2419 3167 2741 3222 videantur,

312 3246 371 3297 ab
393 3249 560 3300 oculis
584 3250 703 3301 suis
726 3251 1081 3315 conspiciant
1101 3252 1261 3315 prius
1285 3253 1447 3315 parte
1472 3265 1542 3303 ex
1566 3264 1681 3302 una
1698 3251 2089 3301 confessiones
2110 3251 2170 3300 et
2186 3262 2487 3314 processus
2504 3248 2746 3300 Valden-

313 3330 456 3389 sium,
482 3334 713 3384 audiant
734 3347 834 3385 eos
858 3333 1157 3397 loquentes
1181 3335 1319 3384 etin
1348 3333 1497 3385 libra
1522 3333 1896 3385 discrecionis
1924 3335 1983 3384 et
2015 3332 2161 3384 recti
2194 3332 2394 3383 iudicii
2429 3331 2749 3396 ponderent

315 3414 498 3472 omnia,
535 3418 592 3468 et
623 3416 788 3481 parte
823 3430 894 3467 ex
929 3415 1042 3467 alia
1075 3417 1406 3487 intueantur
1439 3418 1497 3467 in
1547 3416 1712 3467 libris
1747 3415 1950 3479 primis
1993 3417 2050 3467 et
2085 3414 2462 3480 originalibus
2501 3413 2752 3479 allegata

313 3497 550 3562 exempla
570 3513 696 3550 cum
721 3499 983 3550 omnibus
1002 3498 1470 3557 circumstanciis,
1492 3498 1931 3563 possibilitatem
1949 3498 2185 3562 insuper
2203 3497 2744 3569 representacioniS‚

316 3578 438 3628 etin
456 3580 699 3631 secundo
723 3593 859 3631 casu
884 3582 1159 3632 tractatus
1182 3584 1242 3632 et
1265 3580 1443 3632 libros
1469 3583 1785 3638 doctorum,
1811 3579 2114 3645 specialius
2141 3580 2443 3630 tractatum
2477 3580 2538 3630 et
2568 3580 2746 3629 mate·

316 3660 442 3712 riam
458 3661 534 3713 De
549 3661 884 3716 discrecione
903 3653 1227 3731 spirituum,
1251 3665 1327 3722 et,
1349 3665 1399 3714 si
1422 3677 1622 3715 sanum
1642 3663 1885 3728 sapiant,
1916 3661 2169 3714 silebunt
2183 3663 2508 3726 ponentque
2532 3661 2621 3712 ori
2639 3675 2742 3712 suo
2776 3705 2789 3719 ,

319 3745 606 3796 custodiam
638 3748 699 3798 et
731 3746 940 3797 ostium
974 3746 1407 3798 circumstancie
1442 3745 1609 3798 labiis
1645 3746 1784 3798 suis.
1808 3745 1924 3796 Aut
1961 3746 2010 3797 si
2047 3746 2190 3796 duro
2225 3744 2396 3795 corde
2420 3743 2741 3795 substinere

321 3827 584 3880 enitantur
605 3842 766 3880 suam
790 3829 1116 3893 opinionem
1141 3829 1353 3893 absque
1375 3829 1626 3890 racione,
1651 3829 1807 3881 idem
1841 3830 1931 3881 est
1962 3828 2326 3880 iudicandum
2362 3826 2432 3878 de
2456 3826 2562 3888 eis,
2588 3827 2652 3877 ut
2674 3826 2745 3877 de

321 3909 582 3970 prioribus
604 3925 716 3963 non
741 3911 1027 3970 litteratis,
1054 3910 1336 3975 facileque
1360 3912 1476 3963 erit
1498 3912 1620 3962 viro
1646 3912 1813 3962 docto
1838 3911 1897 3962 in
1922 3911 2100 3962 sacris
2121 3909 2330 3961 litteris
2355 3910 2414 3961 et
2443 3909 2662 3973 pratico
2687 3908 2747 3958 in

323 3987 415 4041 hac
433 3995 663 4047 materia
685 3995 769 4046 eis
792 3994 1122 4046 satisfacere
1144 3994 1216 4046 ad
1238 3989 1482 4058 plenum
1507 3996 1567 4047 et
1599 3994 1938 4058 cuicumque
1969 3993 2228 4058 poscenti
2263 3992 2551 4043 racionem
2585 3991 2644 4040 in
2681 4002 2751 4042 ea

325 4083 397 4124 re.
412 4076 647 4130 Adverte
665 4079 873 4136 tamen,
893 4076 1094 4137 lector,
1116 4078 1266 4140 quod
1290 4078 1481 4143 sepius
1500 4076 1639 4129 talia
1656 4075 1922 4142 exempla
1940 4075 2257 4142 allegantes
2274 4075 2335 4126 in
2359 4074 2467 4125 hac
2488 4073 2747 4130 materia,

323 4156 377 4205 ut
397 4156 594 4211 habent
615 4161 887 4212 tractatus
922 4161 1267 4225 optimorum
1291 4161 1662 4212 tractatorum
1686 4161 1747 4211 et
1771 4159 2141 4224 praticorum,
2168 4159 2267 4210 aut
2288 4155 2594 4221 complices
2617 4158 2751 4207 sunt

324 4236 375 4289 in
396 4242 538 4293 secta
557 4242 922 4295 valdensium
945 4244 1043 4295 aut
1065 4243 1358 4294 subornati
1377 4244 1437 4295 et
1456 4242 1676 4294 inducti
1696 4243 1769 4294 ad
1788 4241 2154 4308 allegandum
2180 4254 2215 4292 a
2235 4239 2632 4305 complicibus3
2654 4243 2751 4302 qui

323 4323 598 4388 complices
620 4328 840 4378 certum
861 4326 1315 4391 experimentum
1337 4325 1550 4378 habent
1572 4325 1643 4378 de
1665 4326 1928 4383 veritate,
1950 4337 2121 4388 quam
2137 4322 2496 4389 impugnant,
2517 4323 2600 4380 ut,
2619 4334 2748 4373 cum

324 4402 552 4460 dicerent
571 4410 729 4474 prius
752 4422 826 4460 ex
847 4409 1131 4461 industria
1150 4410 1210 4460 et
1240 4409 1599 4474 precogitata
1622 4407 1868 4469 malicia,
1896 4407 2047 4471 quod
2072 4407 2239 4458 erant
2262 4405 2522 4471 sompnia
2544 4405 2604 4456 et
2622 4405 2747 4455 fan·

327 4485 466 4548 tasio,
488 4504 556 4544 ex
590 4493 789 4557 aperta
808 4491 1050 4543 veritate
1072 4491 1317 4543 convicti
1351 4492 1464 4543 iam
1497 4490 1834 4557 confugiant
1867 4490 1938 4541 ad
1977 4489 2299 4547 dicendum,
2325 4488 2477 4551 quod
2511 4484 2750 4551 angelus

331 4567 549 4627 &thane
567 4577 759 4640 potest
790 4588 853 4627 se
888 4575 1202 4627 transferre
1236 4574 1296 4626 in
1331 4574 1600 4641 angelum
1623 4574 1790 4632 lucis,
1816 4573 1875 4624 in
1900 4585 2061 4624 suam
2088 4572 2316 4623 tandem
2339 4569 2749 4621 contusionem.

331 4649 385 4703 111
403 4658 938 4724 congregacionibus
960 4658 1114 4709 enim
1137 4657 1273 4716 illis,
1299 4659 1363 4709 ut
1384 4657 1522 4708 satis
1557 4658 1783 4708 constat
1805 4669 1874 4708 ex
1899 4655 2262 4719 processibus
2300 4655 2359 4705 et
2380 4648 2748 4703 confessioni-
