3526 5522
1264 579 1475 635 ANNo
1510 582 1638 635 1483
2571 584 2664 637 137

313 742 373 798 Et
395 758 515 813 ego,
542 744 841 799 Johannes
871 746 946 800 de
977 746 1217 814 Gauiey‚
1252 746 1496 800 clericus
1532 747 1928 815 TornacensiS,
1963 748 2224 813 publicus
2259 749 2572 816 apostolica
2604 752 2664 804 et

262 828 498 893 imperiali
518 829 952 881 auctoritatibus
976 829 1435 894 venerabilisque
1458 831 1617 882 curie
1641 830 1980 896 episcopalis
2005 830 2384 884 Tornacensis
2408 834 2664 885 notarius

261 909 456 973 juratus,
500 912 633 975 quia
675 912 951 976 predictis
996 912 1302 965 concordie
1347 913 1406 965 et
1450 914 1964 978 appunctuamento
2009 914 2329 979 ceterisque
2371 916 2666 980 premissis

263 993 478 1045 omnibus
507 996 567 1046 et
599 994 867 1061 singuiis,
891 995 1025 1046 dum
1061 995 1229 1046 modo
1265 995 1583 1060 prescripto
1619 997 1948 1061 agerentur,
1985 996 2312 1049 dicerentur
2345 999 2404 1050 et
2437 998 2662 1060 flerent,

261 1088 454 1126 unacum
504 1077 752 1128 discreto
797 1077 921 1128 viro
966 1074 1281 1128 Guillermo
1339 1075 1624 1139 Griaume,
1672 1076 1903 1142 publico
1962 1077 2272 1144 apostolica
2326 1080 2665 1133 auctoritate

262 1170 435 1210 necnon
481 1159 630 1211 dicte
686 1158 1031 1211 venerabilis
1085 1159 1247 1211 curie
1302 1158 1681 1212 Tornacensis
1736 1160 1960 1212 notario
2009 1162 2199 1225 jurato
2255 1163 2661 1229 suprascripto,

259 1252 448 1304 presens
476 1242 715 1294 intertui
750 1254 962 1307 easque
995 1241 1079 1293 sic
1111 1241 1240 1293 fleri
1273 1240 1390 1292 vidi
1425 1243 1485 1293 et
1517 1242 1725 1300 audivi,
1752 1242 1968 1294 idcirco
2000 1242 2133 1295 huic
2156 1244 2411 1309 presenti
2434 1244 2663 1310 publico

259 1321 584 1377 instrumento
624 1324 835 1377 exinde
869 1326 1131 1376 contecto
1168 1335 1234 1374 ac
1266 1336 1436 1375 manu
1470 1324 1706 1389 propria
1734 1324 1874 1377 dicti
1908 1324 2208 1378 Guillermi
2234 1327 2443 1379 notarii
2466 1340 2660 1394 supra·
2691 1389 2694 1391 Α

259 1406 414 1469 scripti
444 1405 691 1459 fideliter
723 1407 938 1472 scripto
973 1408 1201 1473 signum
1234 1419 1424 1458 meum
1461 1404 1691 1457 solitum
1726 1409 1787 1459 et
1819 1408 2153 1460 consuetum
2176 1408 2291 1470 hic,
2314 1420 2408 1461 me
2430 1410 2665 1475 propria

257 1499 388 1539 manu
417 1488 826 1551 subscribente,
852 1502 1096 1542 unacum
1129 1488 1296 1554 signo
1329 1489 1390 1540 et
1422 1489 1840 1555 subscriptione
1873 1491 2085 1555 prefati
2108 1490 2318 1543 notarii
2342 1493 2579 1557 apposui
2600 1493 2661 1545 in

256 1569 388 1622 fldem
407 1573 464 1623 et
482 1570 727 1624 validius
748 1571 1138 1625 testimonium
1161 1570 1415 1623 omnium
1432 1572 1492 1624 et
1514 1570 1870 1640 singulorum
1893 1573 2323 1638 premissorum,
2348 1575 2660 1639 requisitus

255 1664 389 1717 super
407 1652 508 1704 hoc
535 1655 595 1706 et
615 1655 877 1723 rogatum
1720 1721 2011 1777 Jomnnns
2042 1735 2118 1776 ns
2150 1721 2397 1776 Gmm.

723 1865 964 1920 Archief
1002 1866 1105 1920 der
1144 1865 1470 1921 hootdkerk
1509 1867 1567 1920 te
1608 1867 1889 1929 Doornik‚
1933 1866 2253 1923 cartulaire
2296 1866 2368 1929 G.
2403 1867 2503 1921 tol.
2532 1868 2655 1921 162-

797 1948 921 2015 1643
957 1949 1267 2016 aigedrukt
1298 1951 1373 2016 bii
1408 1952 1476 2003 P.
1504 1949 1871 2016 Demeuldre,
1896 1953 2065 2004 Frerc
2086 1951 2232 2005 Jean
2254 1950 2478 2019 Anyeli,
2503 1952 2565 2005 in
2587 1953 2658 2005 de

794 2029 1077 2086 Buuetim
1120 2031 1189 2086 de
1232 2032 1293 2087 la
1340 2032 1708 2087 Commission
1744 2032 1941 2100 royaze
1986 2031 2292 2094 d'histoirm
2332 2033 2417 2085 5⁶⁰
2462 2035 2652 2095 meks,

796 2115 922 2170 deel
945 2116 1100 2179 VIII,
1125 2117 1233 2170 blz.
1256 2115 1499 2169 360-364.

1214 2333 1379 2400 100
1428 2324 1650 2416 (372⁷).

326 2537 517 2613 1483,
556 2533 810 2601 Maart
844 2540 915 2610 2,
958 2530 1304 2599 Doorm’k.
1361 2535 1731 2599 Notarieele
1772 2536 1914 2598 acte
1947 2536 2322 2615 aangaande
2370 2538 2449 2600 de
2496 2536 2644 2600 her-

246 2633 469 2714 roeping
492 2635 602 2697 der
634 2635 980 2714 stellingen
1002 2651 1129 2697 van
1156 2634 1424 2698 broeder
1447 2637 1489 2697 J
1490 2634 1657 2697 ohan
1679 2634 1908 2713 Angeli
1935 2635 2002 2697 in
2028 2635 2106 2698 de
2130 2635 2496 2700 hooidkerk
2520 2653 2647 2701 van

243 2728 486 2796 Doornik
510 2734 671 2799 door
704 2733 976 2799 broeder
1009 2735 1388 2799 Franciscus
1420 2733 1744 2811 Dalousie,
1786 2733 1856 2797 in
1887 2732 1999 2796 het
2033 2734 2339 2813 bijwezen
2371 2752 2498 2801 van
2523 2736 2643 2800 den

243 2825 444 2908 baljuw
472 2851 552 2896 en
584 2835 728 2898 vele
758 2833 1200 2915 geestelijken.
1240 2867 1324 2881 —
1355 2837 1496 2898 Van
1534 2834 1685 2898 deze
1716 2834 2105 2914 herroeping
2137 2836 2340 2912 werd,
2374 2852 2458 2916 op
2481 2852 2640 2900 aan-

237 2941 400 3009 vraag
429 2949 547 2997 van
572 2932 698 2996 den
720 2948 1075 3013 procureur
1097 2936 1137 2996 J
1138 2932 1423 2997 ohannes
1448 2935 1749 3014 Becquet,
1793 2933 1954 2998 door
1986 2933 2065 2996 de
2098 2934 2460 2999 notarissen
2485 2938 2639 3000 Osto

238 3021 298 3086 de
315 3031 478 3095 Atrio
502 3049 582 3095 en
605 3032 995 3096 Guiilermus
1029 3033 1330 3096 Griaume
1362 3050 1516 3096 eene
1548 3033 1901 3097 notarieele
1933 3035 2075 3096 acte
2100 3034 2511 3114 opgemaakt.

243 3210 378 3285 Copia
390 3219 739 3275 instrumenti
752 3224 1136 3291 reparat-conis
1148 3236 1252 3292 per
1272 3222 1605 3287 mavi-etrum
1629 3220 1995 3274 Franciscum
2018 3220 2386 3288 Daloust’ess),
2404 3221 2641 3289 fratrem

285 3302 550 3365 minorem,
573 3319 732 3359 sacre
748 3302 1023 3373 theozoqie
1039 3304 1430 3375 professorem,
1454 3307 1598 3375 tacte
1612 3306 1680 3357 in
1700 3301 1926 3358 ccclesia
1945 3304 2097 3359 beate
2120 3305 2308 3358 Maris
2339 3304 2643 3359 Tot-nacon-

283 3383 349 3434 εἰ*
365 3398 521 3454 super
541 3385 799 3441 articulis
811 3386 1086 3457 predict-:s
1099 3402 1206 3458 per
1225 3389 1462 3456 fratrem
1482 3385 1800 3442 Iohannem
1822 3386 2028 3455 Δηρὼ·
2058 3389 2124 3441 in
2155 3385 2309 3442 dicta
2327 3385 2554 3443 ccclesia
2573 3403 2643 3442 ac

287 3462 398 3520 aliis
411 3467 827 3536 poeoahiazibus
835 3469 1153 3540 publicatis.

287 3587 342 3644 In
361 3597 576 3652 nomine
598 3598 850 3661 Domini,
875 3613 1063 3654 amen.

285 3672 381 3728 Per
413 3679 516 3731 hoc
556 3696 796 3749 presens
831 3682 1122 3750 publicum
1160 3682 1603 3735 instrumentum
1637 3682 1857 3735 cunctis
1895 3681 2090 3748 pateat
2130 3681 2423 3736 evidenter
2462 3685 2523 3736 et
2562 3685 2638 3737 sit

239 3758 413 3823 notum,
431 3766 578 3828 quod
599 3779 749 3819 anno
772 3767 1030 3833 eiusdem
1054 3766 1284 3819 Domini
1314 3765 1618 3818 millesimo
1653 3766 2217 3833 quadringentesimo
2252 3767 2635 3833 octuagesimo

238 3845 441 3896 zecundo
461 3849 770 3901 secundum
792 3851 1021 3904 modum
1056 3849 1344 3903 scribendi
1377 3850 1439 3901 in
1473 3846 1715 3902 ecclesia
1746 3847 2056 3910 Gallicana,
2081 3848 2395 3902 indictione
2429 3850 2634 3914 prima,

237 3918 307 3973 die
325 3924 617 3994 Dominica,
639 3945 750 3997 qua
763 3933 824 3985 in
842 3934 1040 3986 sancta
1062 3932 1170 3985 Dei
1193 3930 1438 3985 ecclesia
1456 3945 1562 3998 pro
1584 3931 1827 3984 introitu
1845 3931 2017 3984 misse
2039 3932 2260 3984 cantari
2277 3930 2427 3986 solet
2452 3932 2628 3994 Oculi,

235 4002 453 4063 videlicet
481 4014 730 4067 secunda
758 4016 972 4068 mensis
1006 4015 1226 4075 Marcii,
1253 4016 1406 4067 inter
1439 4015 1681 4081 primam
1704 4014 1765 4067 et
1787 4015 2091 4067 secundam
2117 4015 2287 4067 horas
2309 4017 2440 4081 post
2461 4030 2626 4082 pran-

234 4083 354 4141 dium
369 4096 736 4150 meridianum
755 4099 1012 4164 ejusdem
1036 4098 1170 4157 diei,
1198 4099 1295 4150 aut
1318 4098 1500 4150 eciam
1520 4097 1887 4163 pontificatus
1920 4097 2265 4150 sanctissimi
2295 4098 2357 4151 in
2393 4097 2620 4152 Christo

232 4172 370 4230 Patris
403 4179 459 4230 et
489 4179 706 4232 domini
744 4182 923 4233 nostri
966 4180 1181 4233 domini
1221 4179 1388 4245 sixti,
1414 4180 1608 4232 divina
1650 4180 2018 4245 providencia
2054 4194 2201 4246 pape
2242 4182 2433 4245 quarti
2472 4196 2621 4234 anno

233 4248 535 4321 duodecimo.
555 4260 619 4314 in
642 4263 967 4314 nostrorum
989 4261 1342 4314 notariorum
1378 4260 1736 4326 publicorum
1771 4263 1829 4313 et
1863 4261 2095 4313 testium
2129 4261 2622 4327 intratam-iptorum

230 4339 419 4401 propter
448 4342 553 4395 hoc
588 4343 914 4411 specialiter
946 4344 1275 4396 vocatorum
1309 4344 1369 4398 et
1400 4345 1735 4410 rogatorum
1756 4344 2093 4408 praesencia
2124 4344 2471 4397 constitutus
2492 4360 2620 4412 per-

285 4619 345 4685 (l)
372 4625 437 4678 Of
451 4630 725 4683 Dalomie.

2358 4798 2422 4851 10
