3526 5522
1303 612 1509 666 ANNO
1548 612 1835 664 1327-1328
2728 613 2782 664 ll

396 774 568 838 Item,
607 777 761 841 quod
794 777 854 827 ln
892 776 1045 828 omni
1080 774 1248 835 male,
1287 777 1404 827 tam
1437 774 1604 841 culpe
1638 788 1808 840 quam
1844 788 2010 840 pene,
2045 775 2443 829 manifestatur
2476 776 2536 829 et
2567 774 2787 830 relucet

339 861 629 925 equaliter
650 860 842 927 gloria
863 860 989 913 Dei.

399 943 573 1002 Item,
617 944 769 1008 quod
809 943 1135 1008 vituperans
1177 957 1534 1008 quemquam,
1576 943 1700 1007 ipso
1748 945 1983 1007 peccato
2030 943 2298 1008 vituperii
2342 942 2538 995 laudat
2581 944 2782 1006 Deum,

334 1028 395 1078 et
415 1028 634 1092 quanto
659 1025 789 1092 plus
811 1026 1097 1091 vituperat
1120 1028 1179 1078 et
1217 1027 1449 1093 gravius
1473 1027 1689 1090 peccat,
1716 1027 1876 1077 tanto
1903 1024 2144 1090 amplius
2167 1026 2350 1077 Deum
2375 1024 2583 1078 laudat.

396 1109 571 1175 Item,
596 1110 750 1174 quod
766 1108 936 1160 homo
959 1107 1405 1173 blasphemando
1434 1108 1617 1160 Deum
1637 1109 1826 1172 ipsum
1852 1107 2064 1159 laudat.

396 1191 570 1251 Item,
612 1191 765 1255 quod
802 1193 1003 1256 petens
1043 1205 1079 1243 a
1117 1191 1237 1243 Deo
1278 1190 1387 1241 1100
1422 1192 1521 1242 aut
1560 1191 1692 1253 hoc,
1728 1190 1941 1242 malum
1988 1191 2133 1255 petit
2171 1193 2230 1242 et
2263 1190 2434 1255 male,
2475 1192 2609 1255 quia
2639 1192 2786 1256 petit

335 1272 706 1339 negationem
730 1271 866 1322 boni
889 1273 948 1324 et
970 1273 1333 1337 negationem
1358 1271 1486 1333 Dei,
1512 1274 1573 1324 et
1596 1275 1723 1323 orat
1745 1272 1857 1323 sibi
1881 1270 2057 1323 Deum
2083 1272 2301 1339 negari.

401 1354 575 1415 Item,
624 1353 774 1417 quod
819 1354 876 1404 in
922 1352 1038 1405 illis
1084 1353 1407 1406 hominibus
1454 1355 1768 1406 honoratur
1808 1354 1981 1420 Deus,
2031 1354 2127 1419 qui
2177 1369 2286 1406 non
2333 1356 2633 1407 intendunt
2670 1369 2785 1420 νος,
2845 1369 2853 1374 ’

339 1453 447 1491 nec
484 1438 756 1498 honoreS,
783 1449 888 1489 nec
923 1436 1247 1494 utilitatem.
1287 1451 1390 1489 nec
1425 1438 1785 1490 devotionem
1821 1438 2124 1496 internam,
2155 1451 2260 1498 nec
2283 1438 2659 1497 sanctitatem,
2686 1453 2791 1491 nec

339 1521 649 1587 premium,
677 1532 780 1570 nec
802 1531 1044 1585 regnum
1067 1517 1339 1580 celorum,
1367 1521 1466 1572 sed
1490 1521 1751 1570 omnibus
1779 1519 1891 1571 hiis
1916 1520 2388 1572 renuntiaverunt

403 1603 578 1662 Item,
617 1600 769 1664 quod
802 1600 971 1652 homo
1008 1601 1214 1654 debeat
1245 1602 1391 1653 bene
1427 1600 1767 1660 deliberare,
1804 1603 1996 1653 utrum
2029 1602 2152 1666 ipse
2188 1601 2326 1654 velit
2360 1617 2394 1653 a
2428 1602 2548 1654 Deo
2576 1603 2790 1667 aliquid

338 1686 626 1750 recipere,
670 1686 815 1750 quia,
856 1685 953 1736 ubi
995 1686 1149 1736 esset
1186 1683 1355 1736 homo
1397 1698 1431 1735 a
1471 1685 1589 1736 Deo
1631 1683 1848 1748 aliquid
1888 1685 2190 1749 accipiens,
2226 1685 2307 1736 ibi
2342 1687 2496 1737 esset
2528 1686 2632 1737 sub
2667 1686 2788 1737 Deo

340 1767 430 1821 vel
472 1768 630 1819 intra
666 1781 796 1820 eum
835 1767 983 1818 sicut
1021 1781 1168 1818 unus
1201 1766 1447 1818 famulus
1480 1766 1568 1817 vel
1606 1780 1823 1825 servuS,
1861 1768 1920 1818 et
1954 1767 2107 1818 Deus
2152 1769 2304 1819 esset
2343 1768 2489 1819 sicut
2529 1769 2790 1820 dominus

342 1851 402 1902 in
427 1852 655 1915 dand03
682 1852 742 1901 et
765 1850 847 1901 sic
871 1863 981 1900 non
1010 1850 1281 1901 debemus
1305 1862 1429 1900 esse
1449 1849 1508 1900 in
1532 1849 1650 1900 vita
1677 1852 1897 1901 eterna.

406 1932 581 1998 Item,
620 1932 769 1996 quod
804 1946 908 1983 nos
943 1933 1417 1983 transtormamur
1453 1930 1709 1983 totaliter
1742 1933 1804 1983 in
1839 1932 2021 1982 Deum
2048 1933 2106 1984 et
2131 1932 2517 1984 convertimur
2549 1932 2607 1983 in
2634 1945 2790 1997 eum;

345 2016 526 2067 simili
570 2015 759 2075 modo,
809 2014 957 2065 sicut
996 2013 1055 2064 in
1100 2015 1453 2065 sacramento
1500 2014 1663 2079 panis
1710 2015 2066 2067 convertitur
2112 2015 2170 2066 in
2222 2028 2429 2080 corpus
2475 2015 2665 2078 Cristi,
2713 2014 2796 2066 sic

346 2112 455 2164 ego
495 2098 800 2149 convertor
832 2097 890 2147 in
927 2110 1077 2157 eum,
1104 2096 1238 2161 quia
1269 2097 1393 2160 ipse
1427 2098 1697 2162 operatur
1734 2110 1822 2148 me
1854 2110 2018 2148 suum
2054 2111 2181 2150 esse
2217 2111 2411 2157 unum,
2440 2112 2553 2149 non
2588 2097 2794 2156 simile,

346 2183 406 2232 et
427 2181 570 2245 quia
590 2192 696 2245 per
717 2179 1000 2231 viventem
1022 2178 1203 2230 Deum
1228 2192 1426 2231 verum
1451 2182 1556 2239 est,
1584 2179 1735 2243 quod
1757 2179 1840 2230 ibi
1865 2179 2022 2231 nulla
2044 2181 2131 2231 est
2157 2180 2465 2231 distinctim

411 2262 583 2323 Item,
633 2263 781 2327 quod
830 2260 1036 2325 aliquis
1082 2261 1233 2313 dicat
1276 2277 1290 2313 z
1336 2281 1362 2303 ι
1389 2260 1674 2326 Quidquid
1719 2262 1874 2314 Deus
1918 2264 2083 2327 pater
2130 2262 2287 2314 dedit
2332 2263 2630 2329 unigenito
2676 2262 2795 2314 filio

349 2360 452 2398 suo
479 2345 542 2396 in
565 2344 815 2397 humana
836 2345 1058 2404 natura,
1084 2343 1193 2395 hoc
1216 2344 1397 2395 totum
1419 2343 1593 2395 michi
1617 2344 1763 2396 sicut
1785 2344 1914 2395 sibi.
1943 2367 1969 2390 ..

414 2428 588 2486 Item,
613 2427 766 2492 quod
799 2425 1073 2490 quidquid
1108 2426 1247 2477 dicit
1280 2425 1574 2491 Scriptura
1596 2438 1758 2478 sacra
1781 2426 1850 2478 de
1876 2426 2081 2492 Cristo,
2116 2427 2227 2479 1100
2260 2429 2442 2480 totum
2474 2427 2800 2480 verificatur

357 2512 535 2563 etiam
562 2510 633 2562 de
657 2509 913 2574 quolibet
935 2508 1167 2559 homine
1189 2508 1339 2560 bono
1365 2510 1423 2560 et
1444 2509 1618 2573 J‘usto.

417 2593 589 2652 Item,
627 2592 781 2657 quod
820 2590 1093 2656 quidquid
1137 2591 1434 2656 proprium
1481 2592 1569 2643 est
1614 2593 1817 2643 nature
1865 2592 2074 2654 divine,
2123 2591 2232 2643 1100
2277 2594 2458 2645 totum
2504 2593 2799 2658 proprium

357 2678 447 2729 est
482 2674 703 2727 homini
735 2675 888 2739 justo
927 2677 985 2727 et
1017 2673 1239 2736 divino;
1273 2676 1509 2738 propter
1543 2673 1652 2725 hoc
1685 2674 1857 2725 homo
1892 2675 2002 2726 iste
2036 2677 2324 2740 operatur,
2350 2675 2624 2739 quidquid
2646 2675 2801 2727 Deus

358 2761 650 2826 operatur,
701 2759 762 2811 et
805 2756 1018 2809 creavit
1059 2770 1172 2808 una
1209 2771 1337 2809 cum
1378 2757 1498 2810 Deo
1540 2755 1724 2809 celum
1768 2759 1826 2809 et
1867 2758 2099 2820 terram,
2141 2759 2199 2810 et
2233 2759 2325 2810 est
2365 2758 2593 2824 genitor
2626 2757 2800 2810 Verbi

359 2842 566 2899 eterni,
594 2843 653 2894 et
676 2841 828 2893 Deus
852 2840 976 2891 sine
1000 2839 1102 2890 tali
1125 2839 1353 2892 homine
1377 2840 1626 2892 nesciret
1656 2841 1964 2904 quidquam
1988 2842 2195 2893 tacere.

419 2925 592 2987 Item,
641 2923 792 2988 quod
836 2922 1020 2973 bonus
1077 2921 1246 2973 homo
1296 2922 1465 2974 debet
1509 2925 1871 2975 contormare
1919 2922 2267 2975 voluntatem
2313 2937 2477 2976 suam
2526 2923 2804 2976 voluntati

356 3009 483 3070 Dei,
504 3009 569 3059 ut
595 3006 719 3072 ipse
754 3003 912 3067 velit,
950 3005 1222 3069 quidquid
1240 3006 1393 3058 Deus
1426 3004 1592 3071 velit;
1632 3008 1692 3059 et
1725 3007 1861 3071 quia
1894 3005 2047 3058 Deus
2082 3005 2220 3066 vult,
2260 3005 2451 3070 aliquo
2500 3007 2666 3057 modo
2713 3019 2804 3058 me

358 3103 647 3155 peccasse,
671 3088 800 3139 ideo
837 3085 1051 3139 nollem
1085 3100 1213 3153 ego,
1251 3087 1402 3151 quod
1435 3090 1666 3153 peccata
1699 3103 1812 3140 non
1850 3086 2282 3151 commisissem,
2319 3090 2378 3141 et
2410 3088 2518 3141 hec
2551 3090 2638 3141 est
2672 3101 2807 3140 vera

359 3171 709 3239 penitentia3
745 3170 829 3221 sic
862 3170 1016 3222 enim
1048 3168 1320 3234 impletur
1353 3169 1613 3222 voluntas
1648 3171 1842 3223 divina
1873 3172 1933 3222 in
1967 3171 2141 3237 terra,
2179 3170 2287 3222 1100
2321 3173 2427 3234 est,
2462 3172 2522 3222 in
2558 3170 2800 3230 delictis,

361 3255 521 3307 sicud
544 3255 607 3305 in
630 3253 776 3314 celo,
804 3251 913 3303 hoc
937 3255 1045 3316 est,
1070 3253 1128 3302 in
1154 3251 1582 3304 benefaciendo,

422 3337 590 3395 Item,
640 3335 792 3400 quod
836 3334 886 3386 si
932 3334 1102 3385 homo
1146 3334 1524 3385 commisisset
1561 3334 1718 3386 mille
1759 3336 1993 3399 peccata
2026 3334 2309 3394 mortalia,
2355 3337 2404 3386 si
2443 3335 2613 3387 homo
2656 3338 2807 3388 esset

366 3420 469 3472 tali
492 3418 836 3471 necessitate
864 3416 1192 3481 dispositus,
1218 3430 1331 3467 non
1356 3416 1591 3469 deberet
1613 3414 1780 3475 velle,
1807 3430 1868 3468 se
1893 3430 1962 3468 ea
1986 3431 2097 3468 non
2121 3417 2491 3470 commisisse.

360 3511 365 3517 ·
432 3503 601 3560 Item,
630 3500 782 3565 quod
806 3500 960 3551 Deus
984 3512 1097 3550 non
1122 3499 1379 3564 precepit
1399 3499 1631 3564 proprie
1655 3500 1844 3550 actum
1867 3500 2232 3552 exteriorem.

427 3585 594 3643 Item,
628 3582 783 3647 quod
816 3582 975 3633 actus
1010 3581 1265 3633 exterior
1304 3595 1417 3632 non
1453 3582 1541 3632 est
1578 3581 1760 3633 bonus
1802 3595 1988 3646 neque
2030 3581 2272 3643 divinuS,
2317 3596 2500 3646 neque
2542 3585 2811 3648 operatur

368 3668 555 3734 ipsum
576 3664 813 3731 proprie
838 3663 1013 3715 Deus.

432 3750 602 3811 Item,
631 3746 786 3812 qnod
808 3745 962 3799 Deus
987 3748 1138 3798 amat
1160 3747 1397 3804 animas,
1424 3760 1537 3798 non
1562 3759 1702 3810 opus
1727 3748 1909 3798 extra.

433 3832 603 3892 Item,
631 3829 783 3895 quod
805 3829 988 3880 bonus
1016 3828 1186 3879 homo
1209 3830 1300 3881 est
1320 3828 1650 3895 unigenitus
1674 3828 1828 3880 filius
1853 3829 1981 3881 Dei.

434 3916 601 3971 Item,
645 3912 799 3977 quod
835 3911 1005 3963 homo
1049 3911 1257 3963 nobilis
1293 3913 1381 3965 est
1412 3910 1515 3964 ille
1550 3912 1883 3979 unigenitus
1917 3911 2070 3964 filius
2107 3912 2233 3973 Dei,
2271 3925 2438 3977 quem
2471 3915 2635 3979 pater
2668 3915 2814 3967 eter-

376 3997 584 4051 naliter
606 3994 828 4062 genuit.

436 4080 605 4141 Item,
631 4078 785 4144 quod
807 4091 1004 4130 omnes
1028 4080 1292 4131 creature
1316 4079 1448 4129 sunt
1472 4092 1646 4130 unum
1668 4091 1877 4144 purum
1901 4077 2095 4132 nichil.

438 4163 515 4215 Et
552 4163 858 4213 innumera
897 4160 1038 4213 talia
1077 4161 1385 4213 temeraria
1419 4162 1478 4212 et
1515 4161 1879 4226 enigmatica,
1922 4163 2159 4227 propter
2199 4163 2487 4229 ypocritas
2526 4164 2822 4229 utriusque

380 4258 545 4297 sexus
585 4242 980 4296 hereticaliter
1021 4243 1092 4294 ob
1139 4245 1402 4307 questum
1443 4244 1694 4295 viventes
1737 4245 1795 4294 et
1839 4243 2192 4309 singularem
2232 4247 2406 4297 vitam
2459 4247 2728 4299 ducentes
2770 4248 2829 4299 et

382 4325 735 4378 consimilem
785 4326 921 4383 vite,
980 4326 1076 4377 i.e.
1135 4327 1402 4386 fucatam,
1460 4326 1779 4376 doctrinam
1836 4329 2164 4393 querentes,
2222 4329 2449 4391 quidam
2506 4329 2827 4395 periculose

383 4409 697 4474 predicant.

446 4491 704 4556 Precipit
739 4490 929 4541 autem
963 4503 1112 4555 papa
1143 4490 1203 4541 in
1237 4489 1344 4541 hac
1378 4491 1787 4543 constitutione
1823 4492 2104 4544 universis
2139 4492 2199 4544 et
2233 4493 2495 4560 singulis,
2522 4494 2581 4545 in
2620 4495 2830 4546 virtute

386 4576 573 4626 sancte
597 4572 925 4625 obedientie
962 4575 1021 4625 et
1052 4571 1155 4624 sub
1179 4586 1329 4638 pena
1351 4575 1975 4633 excommunicationiS,
2002 4589 2171 4639 quam
2196 4576 2444 4627 scienter
2477 4577 2828 4627 contrarium

388 4657 658 4709 iacientes
691 4655 819 4721 ipso
853 4655 1004 4706 facto
1037 4655 1338 4708 incurrere
1373 4656 1513 4716 vult,
1552 4670 1627 4709 ne
1660 4656 1866 4721 aliquis
1903 4656 2040 4709 talia
2077 4658 2336 4723 predicet
2371 4657 2459 4710 vel
2499 4659 2695 4709 doceat
2732 4658 2822 4711 vel
