3526 5522
841 532 933 584 126
1864 531 1965 589 AN
1974 534 2071 588 No
2110 534 2236 586 1482

831 699 890 751 et
923 712 1031 763 que
1065 712 1138 750 66
1171 712 1243 752 66
1273 697 1328 752 16
1360 699 1554 764 povoit
1587 699 1749 752 taire.
1789 699 1934 752 Mais
1969 699 2321 753 neantmoins
2356 699 2499 753 ledit
2529 699 2690 752 bailli
2724 701 2831 754 1611
2863 701 2946 753 166
2979 701 3216 765 tielenses,

828 781 966 833 dont
1003 781 1205 834 lesdits
1247 782 1540 848 appellans
1581 782 1954 850 appellerent.

896 864 993 916 Dit
1015 879 1124 929 que
1150 865 1348 932 depuis
1366 866 1423 918 la
1446 867 1684 919 matiere
1708 881 1742 918 a
1766 868 1886 920 este
1923 868 2173 929 ouvcrte,
2197 869 2340 920 mais
2365 882 2438 919 on
2463 867 2554 934 n’y
2579 882 2613 920 a
2634 880 2747 933 peu
2770 869 2997 920 trouver
3029 867 3218 932 appoin-

832 948 1064 1012 tement,
1090 949 1254 1001 sinon
1287 963 1395 1014 que
1429 964 1500 1002 on
1535 952 1794 1002 revocast
1825 950 1909 1003 les
1933 951 2079 1003 dites
2102 951 2504 1017 propositione,
2531 952 2626 1015 qui
2660 950 2804 1002 n'est
2826 952 2861 1002 6
2882 949 3009 1001 eulx
3029 950 3061 1001 6
3078 950 3213 1001 taire.

899 1031 957 1082 Si
981 1031 1281 1084 concluent
1313 1032 1527 1097 parties
1557 1046 1628 1083 en
1661 1046 1755 1084 cas
1781 1032 2000 1099 d’appel
2034 1032 2145 1085 mal
2180 1034 2301 1092 fait,
2339 1033 2583 1098 procede
2617 1032 2813 1084 inhibe
2840 1033 2898 1084 et
2919 1031 3156 1089 detendu.
3175 1033 3222 1082 61

832 1127 963 1178 que,
990 1128 1095 1178 par
1114 1115 1422 1180 provision.
1449 1116 1689 1168 actendu
1722 1130 1831 1180 que
1853 1114 1938 1168 les
1962 1117 2222 1170 detenses
2256 1118 2385 1168 sont
2417 1117 2615 1168 contre
2649 1115 2804 1167 droit
2835 1128 3100 1178 commun,
3122 1113 3223 1165 leur

831 1197 944 1247 soit
964 1198 1177 1262 permis
1210 1197 1482 1263 prescher
1505 1199 1563 1250 et
1585 1198 1822 1251 chanter
1855 1199 2003 1250 ainsi
2036 1197 2199 1263 qu’ilz
2235 1200 2335 1250 ont
2368 1199 2693 1250 6666616166
2717 1199 2777 1250 61
2799 1198 3102 1262 siquanten
3121 1195 3224 1248 1661·

830 1282 1074 1331 convent
1103 1281 1162 1332 et
1192 1294 1264 1333 en
1294 1279 1516 1347 l’eglise
1549 1281 1620 1333 de
1655 1280 1963 1334 saint-Fiat
1995 1281 2092 1346 qui
2126 1282 2215 1334 est
2247 1280 2372 1334 leur
2405 1281 2612 1333 station
2652 1280 2964 1344 ordinaire3
2989 1279 3223 1331 demands

830 1361 1094 1427 despens,
1119 1362 1466 1428 dommaiges
1491 1364 1550 1415 et
1572 1363 1861 1415 interestz.

895 1475 1200 1529 vinna-ruz
1224 1476 1308 1528 dit
1330 1491 1436 1541 que
1467 1478 1652 1544 doyen
1677 1480 1735 1530 61
1757 1479 2014 1544 chapitre
2039 1482 2138 1532 ont
2168 1480 2374 1545 Justice
2397 1481 2456 1532 et
2474 1478 2806 1546 juridiction
2831 1479 2890 1531 et
2912 1478 3091 1529 omnia
3106 1479 3225 1544 jm

831 1557 1168 1626 episcopalia
1191 1572 1262 1611 en
1288 1573 1353 1611 66
1378 1560 1475 1623 (161
1497 1562 1587 1613 661
1608 1561 1681 1612 (16
1705 1562 1930 1613 diocese
1955 1562 2024 1614 de
2049 1561 2343 1628 Tournayt,
2369 1565 2426 1616 et
2449 1564 2634 1615 toutes
2658 1561 2741 1614 les
2766 1560 2974 1628 egisses
2997 1560 3063 1611 de
3082 1559 3226 1611 ladite

830 1638 966 1690 ville
1000 1639 1096 1703 qui
1130 1643 1260 1693 sont
1293 1642 1367 1692 du
1401 1642 1626 1696 diocese
1650 1643 1720 1695 de
1745 1642 2012 1709 Tournay
2036 1647 2165 1695 sont
2188 1646 2221 1695 a
2243 1644 2369 1696 leur
2392 1645 2726 1711 patronaige
2750 1646 2809 1695 et
2832 1656 2903 1695 en
2928 1642 3077 1695 leurs
3106 1642 3225 1699 tons,

833 1722 894 1773 et
913 1726 1283 1776 mesmement
1315 1721 1526 1789 l'eglise
1560 1726 1658 1777 des
1683 1724 2003 1779 Cordeliers
2037 1728 2125 1778 est
2162 1742 2233 1779 en
2268 1727 2394 1780 leur
2429 1728 2511 1779 dit
2543 1729 2670 1779 tons
2703 1729 2763 1778 et
2796 1727 2991 1792 erigee
3030 1725 3097 1777 de
3128 1723 3228 1775 leur

831 1807 1274 1859 consentement.
1301 1806 1398 1865 Or.
1424 1806 1659 1874 dejure,
1686 1811 1748 1861 es
1774 1808 1981 1875 eglises
2006 1810 2040 1861 a
2061 1810 2191 1861 eulx
2219 1810 2501 1877 subjectes
2532 1825 2604 1861 on
2637 1824 2708 1862 ne
2731 1811 2870 1874 peut
2900 1807 3157 1874 prescher
3173 1819 3227 1856 66

829 1887 977 1939 faire
1009 1886 1118 1938 lire
1153 1889 1211 1940 et
1243 1888 1470 1953 publier
1513 1889 1699 1942 bulles
1739 1904 1812 1942 66
1853 1892 2044 1944 autres
2090 1891 2290 1943 choses
2328 1906 2459 1944 sans
2502 1891 2629 1944 leur
2665 1890 2903 1951 licence,
2939 1892 2997 1941 et
3030 1888 3112 1940 s'il
3142 1901 3174 1950 y
3204 1898 3231 1936 6

830 1983 1048 2022 aucune
1081 1971 1433 2036 predication
1468 1972 1857 2035 scandaleuse,
1891 1972 2020 2026 leur
2052 1974 2375 2040 appartient
2407 1973 2464 2025 16
2496 1973 2755 2040 corriger
2776 1974 2837 2024 et
2859 1972 3124 2025 detendre
3143 1983 3229 2022 aux

830 2052 1239 2118 predicateurs‚
1277 2054 1551 2119 auxquelz
1573 2055 1645 2107 ils
1670 2056 1932 2108 auroient
1967 2057 2111 2109 done
2145 2057 2348 2124 666316
2372 2058 2431 2109 61
2453 2057 2549 2121 (161
2584 2055 2848 2108 auroient
2874 2054 3057 2107 161116
3076 2051 3229 2119 predi-

833 2136 1022 2187 cation
1044 2136 1427 2195 scandaleuse,
1456 2138 1526 2190 de
1550 2151 1622 2190 ne
1642 2139 1937 2203 prescher.

902 2217 999 2269 Dit
1023 2232 1132 2283 que
1156 2218 1240 2271 les
1263 2220 1515 2272 mineurs
1540 2222 1609 2273 de
1633 2220 1901 2288 Tournay
1935 2223 2065 2274 sont
2096 2236 2208 2287 peu
2240 2222 2439 2285 clercs,
2464 2223 2524 2275 et
2544 2236 2691 2287 pour
2712 2236 2779 2275 66
2802 2235 2912 2286 (166
2936 2220 2992 2274 16
3012 2233 3147 2286 pape
3166 2218 3235 2270 661

835 2300 1136 2361 cordelier,
1180 2303 1281 2354 661
1319 2302 1488 2354 voulu
1535 2304 1840 2357 accroistre
1886 2304 2013 2357 leur
2052 2306 2221 2358 ordre
2260 2307 2319 2359 et
2357 2308 2458 2358 ont
2495 2305 2705 2358 obtenu
2747 2303 3026 2371 privilege
3068 2302 3157 2367 qui
3187 2313 3235 2352 66

834 2382 1058 2449 appelle
1092 2383 1254 2437 Mare
1290 2399 1577 2452 mamam,
1619 2388 1716 2450 qui
1750 2388 1839 2439 est
1876 2401 1947 2440 en
1986 2390 2121 2441 effet
2153 2388 2209 2440 la
2240 2387 2396 2441 bulle
2436 2389 2505 2441 de
2542 2402 2689 2454 pape
2728 2386 2974 2448 Nicolas,
3015 2385 3234 2439 arrestee

831 2468 1000 2519 66666
1035 2468 1307 2520 autretois
1341 2472 1486 2534 pour
1518 2468 1572 2520 16
1606 2470 1778 2544 debat
1799 2471 1991 2534 (16166
2014 2471 2121 2529 tut.
2147 2473 2205 2523 et
2239 2474 2339 2523 ont
2373 2473 2590 2537 envoye
2624 2469 2819 2535 quei-ir
2852 2469 2997 2522 ledit
3028 2466 3228 2534 Aug-eli.

835 2549 1101 2615 Chapitre
1123 2549 1221 2616 luy
1244 2550 1557 2616 permirent
1588 2552 1880 2617 prescher,
1903 2567 2156 2619 pourveu
2181 2553 2312 2618 qu’il
2339 2568 2410 2606 ne
2432 2553 2699 2619 preschat
2724 2566 2859 2605 rens
2893 2550 3229 2605 scandaleux.

899 2633 997 2686 Dit
1027 2647 1136 2697 que
1171 2647 1240 2685 au
1277 2637 1759 2687 commencement
1791 2634 1832 2686 il
1869 2636 2106 2688 actraict
2136 2636 2191 2689 16
2223 2636 2430 2702 11661116
2465 2639 2524 2689 61
2557 2638 2721 2701 apres
2755 2634 2952 2701 publia
2988 2634 3236 2686 oei-taines

824 2717 1213 2783 propositione
1247 2718 1365 2770 fort
1397 2717 1812 2778 scandaleuses,
1840 2719 1898 2771 et
1920 2720 2083 2772 entre
2117 2721 2345 2772 autres:
2381 2733 2491 2784 que
2525 2718 2609 2772 les
2642 2719 2938 2773 mendians
2972 2716 3236 2784 presentes

830 2802 1081 2868 episcopo
1104 2808 1233 2853 sunt
1247 2787 1472 2868 proprii
1503 2799 1812 2854 sacerdotes
1834 2809 1883 2854 et
1907 2804 2148 2855 veriores
2180 2802 2362 2856 curati
2395 2818 2567 2870 quam
2592 2800 2983 2871 parochiale-35
3009 2797 3235 2858 sectando,

827 2880 1207 2950 parochianus
1255 2882 1532 2949 confessus
1576 2880 1740 2935 dictis
1777 2882 2050 2950 fratribus
2085 2900 2198 2937 non
2231 2890 2446 2938 temtur
2484 2885 2734 2952 confiteri
2767 2887 3005 2953 proprio
3044 2889 3236 2942 ewam

832 2967 1021 3029 tercio,
1051 2967 1103 3019 si
1136 2971 1364 3019 curatus
1396 2973 1607 3019 recuset
1637 2968 1884 3034 recipcre
1915 2965 2103 3032 talem,
2129 2969 2227 3035 qui
2255 2967 2431 3034 fuerit
2462 2969 2740 3036 confessus
2773 2965 3138 3027 mundicam.
3161 2964 3238 3033 qm·

827 3057 958 3098 sum
980 3046 1215 3107 audivit,
1237 3048 1346 3100 sibi
1376 3047 1716 3101 ministrabit
1749 3050 2138 3112 eucaristiam;
2161 3050 2220 3101 et
2242 3063 2351 3113 (166
2373 3057 2597 3104 curatus
2628 3047 2805 3102 nichil
2836 3048 2993 3102 debet
3022 3051 3236 3117 recipm

828 3128 899 3181 de
915 3128 1277 3197 parochianis
1305 3144 1411 3199 pro
1442 3131 1780 3198 confessione
1804 3137 1854 3183 61
1873 3133 2252 3191 sacramentis,
2278 3147 2432 3186 secus
2452 3131 2522 3187 de
2543 3131 3033 3195 mendicantibus:
3064 3135 3120 3184 et
3147 3142 3235 3194 (166

826 3210 1066 3265 liberum
1087 3219 1167 3266 est
1186 3215 1483 3281 unicuique
1505 3213 1650 3267 aller
1670 3214 1706 3265 a
1727 3214 1890 3278 eu113
1928 3215 1988 3266 et
2017 3229 2125 3279 que
2152 3228 2308 3281 papa
2336 3222 2509 3282 potest
2540 3222 2776 3268 mertare
2799 3217 2905 3282 ,ius
2938 3217 3234 3269 canoniam

825 3303 878 3347 et
899 3309 1118 3348 cassare
1150 3298 1555 3349 constitutiones
1585 3302 1636 3349 61
1665 3298 1850 3365 facere
1870 3298 1977 3363 jus
2007 3312 2247 3361 novum‚·
2277 3300 2336 3351 et
2368 3312 2477 3362 que
2509 3299 2607 3365 qui
2639 3296 2970 3351 convadio-it
2993 3295 3235 3352 volume&

819 3391 987 3446 papo,
1004 3392 1267 3446 paqanus
1287 3383 1365 3431 est
1388 3385 1437 3431 et
1469 3380 1974 3432 excommunicatus
2005 3381 2125 3447 ipso
2156 3378 2333 3445 facto,-
2358 3382 2416 3432 61
2437 3393 2548 3444 (166
2577 3385 2752 3448 potest
2785 3395 3060 3434 evacuare
3090 3385 3233 3431 totum

815 3461 1211 3528 puryaeorium
1233 3462 1292 3514 et
1314 3474 1562 3526 envoyer
1595 3460 1680 3514 les
1714 3465 1868 3514 ames
1891 3475 1961 3514 en
1993 3463 2238 3527 paradis.
2278 3462 2374 3522 Or,
2411 3464 2537 3515 tout
2569 3464 2659 3515 est
2689 3464 2887 3515 contre
2922 3461 3233 3530 disposition

827 3543 896 3594 de
922 3543 1089 3594 droit.
1111 3543 1254 3595 Bien
1278 3545 1365 3595 est
1382 3557 1519 3609 vray
1542 3557 1651 3607 que
1674 3542 1759 3595 les
1783 3545 2076 3597 mendians
2100 3544 2156 3597 le
2179 3545 2559 3607 soutiennent‚
2580 3546 2641 3599 et
2660 3546 2694 3598 a
2712 3544 2943 3597 Meaulx
2963 3545 3234 3599 novissime

824 3639 943 3691 663
965 3626 1255 3678 mendiant
1278 3640 1313 3678 a
1331 3627 1573 3691 presche
1597 3640 1725 3691 que,
1738 3641 1811 3678 en
1832 3626 2073 3678 baillant
2095 3628 2242 3679 deux
2266 3627 2400 3689 solz,
2428 3642 2501 3679 66
2526 3630 2648 3681 6616
2671 3641 2785 3680 666
2806 3630 2933 3681 ame
2958 3630 3035 3680 du
3057 3639 3235 3694 purga-

821 3708 995 3773 toire3
1043 3709 1195 3761 aussi
1233 3707 1274 3760 il
1315 3722 1350 3760 a
1393 3708 1493 3767 dit,
1541 3722 1758 3761 comme
1799 3710 1882 3760 dit
1926 3712 2031 3771 est,
2080 3723 2190 3774 que
2234 3718 2459 3763 curatus
2501 3708 2846 3778 parochialis
2888 3709 3073 3764 nichil
3108 3707 3235 3762 deba

819 3792 1062 3859 recipere
1083 3806 1188 3859 pro
1212 3791 1550 3858 confessione
1573 3793 1632 3843 et
1654 3805 1763 3856 que
1791 3806 1945 3845 secus
1966 3801 2086 3845 crat
2106 3794 2166 3845 in
2189 3792 2657 3847 mendicantibus.

881 3873 980 3924 Dit
1001 3887 1110 3937 (166
1142 3872 1228 3925 les
1261 3872 1373 3924 dits
1408 3873 1478 3925 de
1513 3871 1788 3937 chapitre,
1813 3875 1982 3926 veant
2014 3875 2166 3926 ceste
2200 3887 2418 3934 errem,
2442 3874 2779 3927 manderent
2809 3874 3045 3941 Angeli.
3068 3874 3114 3926 11
3145 3870 3236 3923 dist

815 3954 948 4020 qu’il
975 3955 1066 4021 n’y
1090 3956 1371 4008 entreroit
1389 3955 1467 4020 ja.
1496 3953 1581 4006 On
1605 3955 1811 4007 manda
1843 3954 1898 4008 le
1932 3957 2183 4009 custode.
2209 3955 2259 4008 11
2295 3957 2408 4008 dist
2441 3956 2575 4022 qu’il
2610 3971 2683 4010 ne
2717 3957 2868 4009 avoit
2901 3957 3156 4020 presche.
3176 3953 3236 4007 Et

815 4036 933 4089 lors
966 4036 1270 4089 baillerent
1302 4036 1498 4089 lesdits
1534 4036 1856 4090 Cordeliers
1889 4039 2152 4103 requeste
2187 4053 2298 4091 aux
2320 4053 2709 4106 gouverneurs
2732 4040 3023 4093 narrative
3045 4052 3147 4105 que
3166 4037 3234 4088 166

815 4120 1109 4172 mendians
1154 4120 1398 4173 estoient
1435 4133 1581 4184 pour
1626 4118 1681 4172 le
1725 4119 1951 4185 peuple,
1994 4123 2053 4173 et
2087 4121 2384 4185 requirent
2427 4136 2539 4187 (166
2577 4121 2706 4175 leur
2743 4123 2897 4175 16661
2934 4123 3144 4188 permis
3177 4119 3233 4169 (16

819 4203 1113 4266 prescher.

879 4284 1003 4336 Dits
1028 4297 1138 4347 que
1161 4282 1361 4336 lesdits
1384 4297 1777 4351 gouverneurs
1811 4284 1895 4338 les
1929 4288 2311 4353 renvoyerent
2343 4288 2549 4340 devant
2581 4287 2858 4353 chapitre,
2885 4289 3077 4341 disant
3095 4299 3191 4353 que
3209 4287 3236 4337 a

810 4365 943 4417 eulx
980 4379 1051 4417 ne
1093 4368 1451 4431 appartenoit
1485 4367 1555 4419 de
1589 4367 2029 4421 s'entremectre.
2068 4369 2142 4421 Et
2172 4370 2399 4422 vinrent
2432 4384 2503 4422 en
2538 4369 2757 4437 l'eglise
2791 4371 2863 4423 de
2899 4371 3159 4436 Tournay
3188 4371 3235 4420 et

806 4446 1114 4499 voulurent
1133 4449 1403 4512 prescher
1427 4449 1587 4502 Mare
1608 4465 1881 4518 magnum
1904 4452 1962 4503 et
1985 4454 2176 4505 autres
2199 4451 2402 4512 bulles,
2430 4455 2488 4505 et
2507 4466 2655 4519 pour
2687 4452 2772 4505 les
2794 4452 3012 4506 mieulx
3033 4451 3233 4519 publier

809 4530 896 4584 les
920 4529 1090 4582 flrent
1123 4529 1229 4583 lire
1251 4544 1367 4596 ¹par
1399 4544 1519 4597 663
1549 4532 1728 4596 jeune
1744 4532 2048 4586 cordelier.
2073 4533 2133 4586 Si
2154 4535 2457 4600 prindrent
2476 4536 2734 4601 chapitre
2755 4550 2869 4589 666
2891 4535 3229 4601 complaints,

815 4611 1002 4663 disant
1035 4625 1143 4677 que
1179 4612 1275 4664 nul
1312 4627 1382 4666 ne
1415 4614 1610 4678 povoit
1640 4628 1773 4667 rens
1807 4614 2032 4680 publier
2066 4630 2137 4668 en
2171 4616 2298 4669 leur
2328 4618 2582 4683 pretoire
2622 4633 2751 4671 sans
2790 4618 2918 4671 leur
2955 4618 3153 4685 666316
3182 4616 3230 4667 61
