3526 5522
768 558 834 609 96
1804 560 2013 614 ANNO
2051 560 2178 611 1460

760 721 962 776 illicita
997 723 1117 775 vult
1151 726 1210 776 et
1245 722 1465 775 tollitur
1499 724 1684 774 omnis
1718 723 1988 775 honestas
2021 725 2080 774 et
2114 736 2280 774 omne
2302 724 2466 775 sedus
2491 723 2562 774 ab
2584 738 2673 783 eo,
2699 725 2863 787 quasi
2886 724 3059 774 omnia
3076 723 3166 775 sibi

763 806 990 860 liceant.
1025 809 1100 861 Et
1149 809 1236 860 vir
1272 810 1461 874 potest
1499 809 1585 860 ire
1625 809 1696 860 ad
1735 808 2246 875 congregacionem
2282 821 2470 866 unam,
2511 822 2657 860 uxor
2701 809 2771 859 ad
2813 807 2995 867 aliam,
3026 809 3168 860 etita

760 891 1046 944 interdum
1099 893 1359 944 nesciunt
1392 905 1456 944 se
1500 892 1744 943 invicem
1788 893 1848 943 et
1889 890 2192 954 aliquando
2235 890 2438 942 sciunt.
2475 889 2654 942 Immo
2707 891 3090 943 conveniencia
3121 891 3167 941 in

764 976 919 1025 secta
939 976 999 1026 et
1020 989 1329 1026 concursus
1352 974 1456 1025 suit
1479 973 1763 1037 aliquibus
1783 973 2023 1031 occasio,
2044 973 2108 1025 ut
2129 972 2628 1025 matrimonialiter
2644 973 2885 1025 invicem
2903 974 3170 1039 iungeren-

766 1058 879 1108 tur.
905 1057 979 1110 Et
1012 1057 1316 1122 aliquando
1351 1057 1589 1108 maritus
1625 1057 1713 1107 est
1748 1056 1819 1107 de
1854 1056 2009 1106 secta
2041 1057 2099 1106 et
2132 1068 2279 1106 uxor
2306 1068 2437 1115 non,
2465 1068 2648 1119 neque
2670 1056 2951 1121 percipiet
2971 1068 3099 1107 uxor
3115 1057 3170 1107 de

765 1140 970 1191 marito
1005 1140 1323 1204 quicquam,
1351 1139 1618 1203 quoniam
1654 1137 1800 1189 hora
1821 1137 2204 1189 secretissima
2226 1137 2429 1196 noctis,
2456 1138 2586 1189 dum
2613 1138 2887 1189 dormicio
2914 1139 2999 1190 est
3017 1137 3171 1197 fortis,

764 1220 982 1274 scilicet
1021 1224 1152 1286 post
1190 1222 1564 1277 undecimam,
1608 1220 1987 1272 communiter
2020 1219 2232 1271 vadunt
2270 1220 2340 1270 ad
2378 1221 2882 1286 congregaciones‚
2925 1222 2983 1273 et
3014 1234 3173 1273 rever·

764 1306 960 1355 tuntur
982 1300 1175 1369 sepius
1198 1304 1352 1355 circa
1379 1303 1684 1354 secundam
1708 1302 1906 1353 horam
1931 1303 2028 1353 aut
2050 1302 2285 1353 terciam
2306 1304 2437 1367 post
2467 1303 2712 1354 mediam
2747 1304 2989 1355 noctem.
3015 1302 3172 1354 Nichil

763 1386 943 1438 eciam
969 1386 1186 1437 moveri
1211 1385 1419 1437 debent
1443 1386 1693 1436 astantes
1717 1398 1819 1436 seu
1843 1384 2078 1443 iudices,
2106 1385 2155 1436 si
2180 1385 2470 1436 accusacio
2495 1399 2608 1436 una
2635 1385 2845 1436 habeat
2877 1386 2948 1438 de
2979 1385 3175 1437 homine

762 1482 876 1520 uno
901 1469 1181 1526 accusato,
1208 1468 1358 1531 quod
1385 1468 1561 1519 tuerit
1583 1481 1711 1518 cum
1733 1479 1849 1518 una
1870 1465 2128 1525 muliere,
2155 1468 2215 1518 et
2247 1466 2361 1518 alia
2394 1468 2681 1519 accusacio
2716 1467 2786 1519 de
2811 1468 3028 1526 eodem,
3050 1468 3174 1531 quod

764 1564 892 1602 cum
931 1549 1044 1603 alia
1087 1550 1281 1608 tuerit,
1320 1550 1586 1614 quoniam
1628 1549 1737 1599 hoc
1776 1549 1887 1599 tuit
1926 1549 1986 1599 in
2032 1548 2272 1601 diversis
2310 1549 2859 1615 congregacionibus
2898 1552 2957 1602 et
2991 1549 3176 1614 pluries

764 1633 977 1685 vadunt
1001 1633 1072 1684 ad
1095 1633 1582 1698 congregaciones
1606 1633 1663 1683 et
1685 1629 1970 1697 permulto
1995 1629 2189 1696 plures
2213 1645 2391 1683 annos
2416 1645 2581 1695 quam
2604 1633 3003 1683 confiteantur.
3026 1632 3178 1684 Inter·

765 1717 899 1767 dum
922 1715 1102 1767 eciam
1124 1714 1184 1766 in
1208 1716 1406 1767 eadem
1431 1714 1887 1781 congregacione
1910 1714 2000 1765 vir
2024 1727 2169 1764 unus
2193 1712 2366 1766 habet
2385 1712 2580 1780 plures
2604 1713 2876 1766 mulieres
2899 1716 2958 1767 et
2980 1714 3182 1766 transsit

764 1798 835 1850 de
873 1812 987 1850 una
1022 1798 1083 1850 in
1123 1795 1313 1849 aliam.
1359 1795 1571 1848 Eadem
1610 1798 1700 1849 est
1738 1797 1892 1848 enim
1933 1797 2258 1849 substancia
2294 1798 2430 1848 tacti
2469 1798 2529 1849 in
2571 1797 2688 1849 illis
2730 1798 3181 1850 accusacionibus.

763 1878 1040 1931 Finaliter
1059 1878 1489 1944 interrogentur
1507 1878 1577 1929 de
1594 1877 1891 1929 maleficiis
1910 1880 1968 1929 et
1987 1880 2259 1941 queratur
2276 1879 2475 1943 eciam,
2487 1882 2624 1943 quot
2643 1880 2701 1931 et
2717 1893 2860 1943 quos
2878 1880 3181 1935 docuerunt.

760 1962 819 2013 et
841 1962 1109 2013 continue
1133 1961 1233 2011 fiat
1258 1974 1577 2024 processus,
1598 1960 1646 2011 si
1671 1958 1944 2024 possibile
1967 1960 2060 2020 sit,
2087 1962 2147 2012 et
2169 1975 2281 2011 uno
2308 1961 2512 2019 tractu,
2538 1962 2806 2026 quoniam
2827 1962 3179 2027 prosequendi

761 2046 895 2096 sunt
927 2042 1178 2102 omnino.
1214 2043 1346 2093 dum
1387 2042 1521 2092 sunt
1563 2042 1824 2106 dispositi
1865 2042 2056 2094 dicere
2095 2056 2323 2106 verum3
2367 2043 2416 2094 si
2449 2044 2600 2095 enim
2636 2044 2949 2103 differatur,
2987 2045 3182 2096 remissi

764 2127 1126 2193 reperientur
1159 2126 1272 2179 alia
1305 2127 1426 2177 vicc
1461 2127 1520 2178 ct
1551 2126 1752 2177 mutati
1794 2138 1826 2176 a
1869 2126 2107 2178 demone
2141 2126 2231 2178 vel
2266 2127 2607 2178 hominibus.
2647 2128 2720 2180 Et
2759 2129 3182 2195 singular-issima

769 2211 919 2269 nota,
956 2209 1157 2268 lector,
1195 2209 1344 2273 quod
1386 2209 1456 2260 ad
1496 2208 1893 2273 extirpandum
1937 2207 2082 2259 hanc
2121 2207 2476 2261 maledictam
2511 2213 2744 2272 sectam,
2782 2212 2881 2275 qui
2911 2224 3185 2277 processus

766 2291 986 2343 faciunt
1018 2294 1077 2344 et
1107 2291 1561 2356 inquisicionem,
1587 2290 1885 2342 intendere
1919 2290 2132 2342 habent
2164 2292 2409 2343 maxime
2443 2292 2513 2344 ad
2548 2295 2894 2347 accusandos
2914 2294 2974 2346 et
2995 2292 3186 2347 versari

765 2375 918 2426 circa
951 2375 1344 2426 accusaciones
1376 2374 1447 2425 de
1481 2371 1627 2431 aliis,
1657 2373 1840 2439 magis
1875 2385 2042 2436 quam
2081 2372 2233 2424 circa
2265 2373 2546 2426 maleficia
2565 2376 2896 2440 perpetrata
2927 2390 3032 2443 per
3051 2378 3184 2442 ipsos

762 2455 1091 2515 valdenses,
1129 2456 1397 2521 quoniam
1420 2455 1498 2507 ibi
1523 2455 1671 2507 iacet
1695 2455 1847 2506 totus
1878 2456 2098 2507 tructus
2133 2456 2204 2507 ad
2237 2457 2686 2521 extirpacionem
2719 2462 2875 2511 secte
2908 2460 2967 2512 et
2995 2460 3184 2511 extinc-

763 2539 1002 2600 cionem,
1028 2540 1093 2591 ut
1116 2537 1335 2591 scilicet
1358 2538 1549 2590 dicant
1570 2538 1631 2590 et
1673 2538 1942 2589 accusent
1965 2551 2349 2602 quoscumque
2387 2538 2868 2593 certitudinaliter
2890 2542 2948 2593 in
2970 2554 3187 2609 congre·

763 2621 1094 2689 gacionibus
1127 2620 1564 2688 congnoverint3
1602 2618 1744 2672 alias
1778 2620 2051 2685 perdetur
2083 2632 2187 2684 pro
2211 2622 2376 2685 parte
2400 2635 2512 2672 non
2539 2634 2715 2686 parva
2738 2622 3115 2676 christianitas
3134 2624 3184 2675 et

765 2705 907 2756 fides
923 2704 1155 2771 peribIt.

760 2883 813 2935 2.
849 2882 929 2937 Do
961 2882 1125 2937 modo
1157 2881 1501 2936 inductionis
1533 2890 1582 2935 et
1619 2883 2003 2937 &astructionis
2050 2881 2412 2937 Valdemium
2447 2884 2845 2954 ydolatrarum
2884 2887 2961 2941 ad
2998 2895 3185 2943 sectam

1730 2981 1843 3034 pro
1868 2968 2071 3034 prima
2094 2968 2230 3020 vice.

890 3800 943 3853 5.
978 3802 1059 3854 De
1080 3803 1347 3855 varietate
1391 3800 1754 3855 Valdemium
1787 3804 1850 3855 in
1882 3802 2174 3857 conciendo
2208 3803 2278 3857 de
2303 3803 2579 3874 paradiso
2612 3814 2663 3859 et
2686 3809 2909 3871 inferno
2932 3810 2985 3862 et
3004 3807 3069 3863 de
3366 3781 3369 3870 4

1511 3883 1932 3939 immortalitate
1966 3889 2155 3940 anime
2187 3884 2453 3941 humane.

826 4016 1137 4069 Valdenses
1183 4017 1410 4081 quidam
1462 4018 1595 4069 sunt
1649 4017 1987 4070 confitentes
2038 4018 2283 4070 animam
2333 4019 2715 4073 immortalem
2760 4023 2821 4073 et
2867 4024 3194 4090 sempiterne

761 4098 1082 4151 durativum
1114 4099 1442 4165 paradisum
1475 4102 1535 4152 et
1564 4100 1873 4163 internum,
1898 4100 2017 4161 sed,
2044 4099 2209 4153 sicuti
2241 4101 2422 4154 multa
2453 4101 2583 4163 alia,
2611 4117 2721 4168 que
2756 4108 2958 4170 gravia
2978 4106 3194 4173 peccata

761 4184 910 4240 sunt,
947 4181 1007 4233 in
1048 4194 1151 4233 sua
1186 4180 1334 4234 salsa
1375 4183 1743 4248 reputacione
1786 4183 2095 4235 secundum
2134 4197 2233 4236 eos
2272 4187 2506 4250 peccata
2544 4200 2655 4238 non
2698 4188 2849 4239 sunt.
2892 4188 2984 4242 Ita
3024 4199 3192 4252 neque

756 4263 1026 4328 reputant
1064 4276 1125 4315 se
1164 4276 1420 4328 peccare,
1459 4265 1643 4317 eundo
1687 4265 1757 4316 ad
1792 4267 2306 4332 congregacionem
2346 4269 2405 4319 et
2443 4268 2727 4327 iaciendo,
2770 4284 2881 4334 que
2921 4272 3003 4324 ibi
3040 4271 3189 4327 flunt,

752 4344 1045 4411 potissime
1080 4345 1214 4410 quia
1244 4347 1437 4410 patres
1479 4360 1695 4407 eorum,
1735 4349 1799 4399 ut
1834 4348 2109 4408 creditur,
2147 4349 2245 4413 qui
2279 4349 2428 4401 bone
2467 4351 2856 4415 reputacionis
2898 4353 3189 4407 secundum

750 4424 1005 4479 seculum
1036 4427 1289 4490 fuerunt,
1315 4427 1459 4480 tales
1495 4430 1811 4482 extiterunt
1833 4432 1892 4482 et
1914 4431 2402 4483 annunciaverunt
2424 4432 2528 4484 eis.
2557 4432 2675 4485 Alii
2695 4437 2985 4499 reputant,
3012 4448 3189 4489 verum

750 4521 896 4569 esse,
934 4510 1084 4573 quod
1117 4510 1423 4574 persuadet
1455 4512 1659 4564 demon
1694 4513 2014 4579 presidens,
2051 4513 2272 4566 scilicet
2304 4515 2454 4579 quod
2489 4516 2680 4568 anima
2718 4517 2965 4571 hominis
3006 4517 3189 4571 interit

758 4605 885 4644 cum
919 4605 1179 4659 corpore,
1205 4592 1352 4655 quod
1388 4606 1500 4649 non
1536 4595 1624 4652 est
1655 4596 1953 4661 paradisus
1988 4598 2087 4651 aut
2106 4596 2383 4660 internus,
2411 4599 2519 4650 etc.
2546 4598 2620 4653 Et
2641 4600 2710 4657 si,
2735 4599 3087 4673 interrogati,
3109 4600 3186 4653 ita
