3526 5522
1312 600 1523 661 ANNO
1558 605 1686 660 1487
2622 604 2718 656 145

309 784 465 846 1486
490 783 553 845 te
582 779 848 847 Brussel
897 799 1202 864 gegeven‚
1260 781 1528 862 wazu-bij
1565 781 1644 845 de
1675 781 1925 862 koning
1954 782 2035 844 de
2068 782 2481 861 inquisiteurs
2512 778 2714 845 onder

300 881 439 961 zijne
470 881 913 962 bescherming
956 884 1171 945 neemt
1202 899 1282 945 en
1315 882 1607 945 iedereen
1641 881 1887 943 beveelt
1919 880 2044 944 hen
2087 882 2153 943 in
2192 880 2271 943 de
2318 878 2715 958 uitoefening

299 997 401 1043 van
430 980 558 1044 hun
606 981 786 1044 ambt
824 984 890 1044 te
923 981 1414 1046 ondersteunen.
1464 979 1695 1062 (Korte
1735 979 2001 1055 inhoud‚
2055 979 2244 1058 begin
2286 995 2366 1041 en
2407 980 2537 1042 slot
2584 993 2710 1040 van

297 1080 372 1142 dit
410 1079 553 1144 stuk
586 1080 855 1144 worden
893 1079 1318 1161 opgegeven.)
1351 1083 1452 1143 Na
1485 1080 1562 1143 de
1612 1079 1847 1141 laatste
1871 1079 2219 1143 notarieele
2250 1079 2598 1151 iormulen,
2630 1077 2710 1139 de

293 1180 559 1260 getuigen
615 1180 1084 1256 vermeldende,
1141 1179 1321 1258 volgt
1368 1178 1447 1242 de
1503 1176 2047 1258 onderteekening
2095 1194 2222 1241 van
2277 1176 2400 1240 den
2456 1176 2705 1239 notaris

294 1278 507 1343 Amold
531 1279 767 1342 Kolich
802 1295 930 1342 van
954 1277 1376 1342 Euskirchen.

289 1477 513 1547 Sequitur
533 1480 600 1531 in
615 1486 927 1548 sequentem
943 1485 1240 1532 &actatum
1255 1477 1583 1547 approbatio
1601 1483 1654 1530 ct
1668 1478 1995 1545 subscriptio
2013 1475 2300 1529 doctorum
2315 1473 2465 1530 alme
2482 1477 2706 1530 univer·

676 1564 865 1616 sitatis
884 1561 1222 1615 Golontemis
1243 1561 1400 1614 iuxta
1420 1561 1668 1630 formam
1684 1558 1900 1631 publici
1920 1559 2295 1612 instrumenti.

339 1689 398 1742 In
421 1692 646 1745 nomine
669 1690 900 1747 Domini
917 1691 1101 1753 nostri
1117 1691 1154 1743 J
1158 1704 1261 1744 esu
1284 1690 1518 1751 Christi,
1543 1703 1727 1744 amen.

339 1773 384 1825 N
386 1774 600 1827 overint
618 1774 871 1827 universi
886 1787 1124 1840 presens
1139 1771 1430 1838 publicum
1446 1772 1887 1825 instrumentum
1906 1770 2130 1833 lecturi,
2151 1771 2327 1824 visuri
2350 1771 2411 1825 et
2431 1772 2701 1836 audituri,

287 1855 429 1919 quod,
454 1870 601 1909 auno
619 1871 658 1909 a
676 1856 972 1909 nativitate
990 1855 1246 1909 eiusdem
1263 1854 1495 1907 Domini
1513 1856 1695 1908 nostri
1714 1853 1867 1920 1487,
1888 1853 2203 1908 indictione
2223 1854 2441 1919 quinta,
2453 1854 2546 1908 die
2563 1868 2698 1909 vero

286 1936 505 2000 Sabbati,
529 1940 753 1992 decima
774 1953 925 1992 nona
946 1938 1158 1991 mensis
1181 1938 1336 2003 Maij,
1361 1937 1506 1990 hora
1527 1938 1727 2002 quinta
1747 1939 1879 2003 post
1899 1936 2197 1990 meridiem
2231 1936 2319 1991 vel
2353 1937 2536 2002 quasi,
2559 1953 2699 2004 pon-

284 2019 501 2074 tificatus
538 2022 884 2074 sanctissimi
923 2022 983 2074 in
1024 2020 1252 2073 Christo
1291 2019 1472 2086 patris
1517 2022 1578 2073 et
1614 2020 1832 2072 domini
1877 2020 2059 2072 nostri
2105 2020 2320 2072 domini
2357 2020 2698 2082 Innocentii,

284 2102 449 2156 divina
465 2104 825 2170 providentia
845 2117 992 2170 pape
1014 2103 1200 2156 octavi
1233 2116 1383 2155 anno
1419 2103 1617 2163 tercio,
1642 2104 1704 2154 in
1737 2103 1852 2154 mei
1886 2103 2096 2155 notarii
2127 2101 2343 2169 publici
2375 2103 2436 2156 et
2468 2104 2698 2157 testium

282 2184 745 2253 iwascriptorum
768 2187 841 2239 ad
863 2186 972 2238 hoc
989 2185 1317 2252 specialiter
1338 2186 1667 2238 vocatorum
1688 2186 1749 2238 et
1769 2187 2104 2252 rogatorum
2121 2185 2413 2250 presentia
2427 2199 2696 2252 persona·

283 2264 395 2320 liter
421 2270 781 2328 constitutus,
816 2267 1161 2323 venerabilis
1200 2269 1261 2322 et
1295 2266 1603 2336 religiosus
1639 2268 1826 2321 irater
1862 2267 2146 2321 Henricus
2185 2267 2495 2327 Institoris,
2536 2283 2697 2321 sacre

285 2349 544 2419 theologie
592 2354 905 2418 protessor,
942 2352 1160 2404 ordinis
1194 2351 1646 2411 Predicatorum,
1681 2351 1937 2405 heretice
1990 2351 2288 2416 pravitatis
2320 2351 2626 2416 inquisitor
2664 2367 2700 2405 a

283 2436 450 2487 sancta
468 2436 606 2489 sede
626 2434 941 2501 apostoliea
962 2448 1077 2488 una
1092 2449 1221 2487 cum
1238 2433 1553 2487 venerabili
1570 2436 1631 2487 et
1646 2433 1924 2501 religioso
1941 2435 2121 2487 tratre
2140 2434 2359 2487 Jacobo
2382 2434 2694 2501 Sprenger,

284 2517 428 2569 etiam
458 2531 619 2571 sacre
653 2517 945 2584 theologie
979 2519 1307 2583 professore
1345 2529 1412 2569 ac
1450 2517 1762 2569 conventus
1802 2517 2235 2569 Predicatorum
2274 2515 2697 2571 Coloniensium

282 2598 468 2662 priore,
489 2599 714 2667 collega
728 2615 832 2654 suo
855 2599 1182 2667 specialiter
1204 2599 1527 2665 deputatus,
1551 2613 1657 2665 pro
1680 2612 1743 2652 se
1767 2600 1826 2652 et
1848 2599 2001 2652 dicto
2028 2599 2253 2667 collega
2273 2613 2377 2651 suo
2398 2600 2698 2665 proposuit

283 2681 426 2746 atque
456 2683 620 2746 dixit,
645 2684 797 2748 quod
828 2683 1137 2737 modernus
1169 2695 1425 2735 summus
1455 2682 1733 2749 pontifex,
1758 2680 1981 2736 scilicet
2012 2682 2274 2735 dominus
2306 2681 2693 2741 Innocentius,

283 2778 405 2830 papa
445 2768 719 2833 prefatus,
770 2780 876 2832 per
921 2780 1091 2819 unam
1139 2767 1430 2833 patentem
1475 2765 1688 2819 bullam
1738 2765 2024 2818 commisit
2070 2765 2211 2832 ipsis
2256 2766 2691 2831 inquisitoribus

283 2846 500 2901 ilenrico
539 2852 600 2903 et
633 2849 671 2902 J
675 2850 874 2910 scobe,
909 2849 1126 2901 ordinis
1166 2849 1599 2903 Predicatorum
1638 2850 1698 2902 et
1739 2862 1904 2901 sacre
1942 2847 2234 2914 theologie
2272 2848 2692 2916 professoribus

281 2930 536 2994 predictis,
585 2931 916 2985 iacultatem
969 2931 1299 2996 inquirendi
1350 2932 1665 2997 apostolica
1724 2931 2066 2985 auctoritate
2110 2944 2283 2997 super
2327 2944 2694 2996 quascunque

281 3009 502 3073 hereses,
541 3015 812 3081 precipue
851 3016 1042 3068 autem
1081 3027 1256 3081 super
1297 3014 1546 3067 heresim
1584 3014 1973 3067 maleficarum
2012 3014 2301 3067 modernis
2338 3014 2691 3080 temporibus

279 3093 554 3160 vigentem,
579 3100 638 3149 et
659 3097 769 3149 hoc
790 3110 895 3162 per
917 3096 1167 3162 quinque
1190 3096 1462 3150 ecclesias
1483 3095 1971 3161 metropolitanas,
1992 3095 2260 3149 videlicet
2275 3096 2690 3162 moguntinam,

277 3174 655 3238 Coloniensem,
693 3179 1126 3238 Treverensem,
1162 3178 1658 3246 saltzburgensem
1680 3180 1741 3231 et
1776 3178 2164 3238 Bremensem,
2188 3193 2317 3231 cum
2341 3179 2497 3230 omni
2517 3177 2692 3231 iacul-

278 3259 374 3310 tate
400 3263 594 3314 contra
625 3260 770 3315 tales
803 3261 1151 3327 procedendi
1184 3275 1367 3327 usque
1400 3262 1471 3313 ad
1505 3261 1769 3314 ultimum
1802 3262 2226 3322 exterminium,
2250 3262 2412 3314 iuxta
2433 3262 2693 3315 tenorem

279 3338 408 3395 bulle
427 3343 753 3409 apostolice,
781 3358 951 3409 quam
974 3345 1094 3397 suis
1127 3344 1376 3397 habebat
1406 3345 1467 3396 in
1500 3345 1782 3406 manibus,
1807 3357 2021 3405 sanam,
2047 3345 2352 3413 integram,
2376 3343 2602 3399 illesam
2635 3347 2695 3398 et

281 3434 371 3475 non
400 3426 671 3488 viciatam,
708 3428 811 3480 sed
844 3427 999 3480 omni
1030 3440 1269 3493 prorsus
1318 3427 1644 3492 suspicione
1680 3418 1989 3480 carentem'.
2037 3426 2211 3480 Cuius
2260 3428 2490 3492 quidem
2523 3429 2691 3482 tenor

279 3502 408 3559 bulle
427 3509 508 3561 sic
525 3508 760 3576 incipit:
788 3509 1194 3564 «Innocentius
1217 3509 1539 3575 episcopus,
1550 3522 1748 3563 servus
1771 3523 2065 3563 servorum
2085 3509 2211 3563 Dei.
2222 3510 2311 3563 Ad
2326 3512 2578 3565 futuram
2598 3514 2687 3565 rei

281 3592 595 3646 memoriam.
642 3594 889 3647 Summis
934 3593 1325 3646 desiderantes
1369 3593 1683 3653 affectibus,
1728 3593 1903 3658 prout
1939 3591 2243 3658 pastoralis
2287 3592 2687 3648 sollicitudinis

280 3681 394 3724 cura
411 3676 664 3740 requirit,
689 3679 755 3730 ut
777 3677 919 3729 fides
940 3675 1224 3729 catholica
1245 3676 1459 3728 nostris
1479 3676 1777 3740 potissime
1799 3677 2150 3741 temporibus
2175 3675 2387 3740 ubique
2410 3680 2686 3744 augeatur

278 3754 325 3801 et
343 3754 543 3812 floreat.
566 3781 590 3804 ιι
615 3760 747 3825 etc.;
773 3759 902 3811 finit
921 3761 1114 3812 autem
1137 3759 1223 3811 sic
1247 3772 1262 3811 :
1289 3777 1317 3801 u
1343 3757 1551 3810 Datum
1571 3757 1756 3812 Rome
1779 3759 1931 3824 apud
1964 3758 2232 3812 Sanctum
2257 3758 2512 3821 Petrum,
2536 3774 2685 3814 anno

276 3832 644 3894 incarnationis
663 3843 946 3895 dominice
963 3841 1270 3895 millesimo
1288 3842 1852 3908 quadringentesimo
1871 3843 2259 3911 octuagesimo
2275 3844 2500 3908 quarto,
2520 3845 2687 3898 nonis

276 3913 588 3984 Decembris,
611 3925 978 3990 pontificatus
1003 3926 1186 3982 nostri
1214 3939 1362 3979 anno
1384 3925 1590 3990 primo.
1618 3947 1647 3972 s·

325 3998 392 4052 Bt
414 4005 544 4067 quia
576 4007 838 4060 nonnulli
870 4009 1187 4062 animarum
1223 4010 1480 4062 rectores
1511 4009 1571 4061 et
1603 4007 1765 4061 verbi
1800 4008 1907 4062 Dei
1940 4010 2326 4076 predicatores
2359 4009 2587 4077 publice
2622 4011 2683 4064 in

276 4090 446 4137 eorum
462 4091 816 4143 sermonibus
837 4092 909 4144 ad
926 4091 1198 4158 populum
1216 4104 1476 4145 asserere
1493 4091 1554 4145 et
1574 4092 1863 4144 affirmare
1885 4106 1999 4144 non
2016 4092 2379 4155 verebantur,
2396 4092 2686 4147 maleficas

279 4175 372 4217 uon
391 4180 531 4230 esse,
554 4175 651 4226 aut
683 4173 835 4239 quod
858 4173 1036 4227 nichil
1060 4174 1120 4225 in
1146 4174 1550 4227 nocumentum
1569 4175 1966 4227 creaturarum
1987 4187 2321 4239 quacunque
2344 4176 2685 4241 operacione

279 4245 476 4304 efficere
497 4259 746 4319 possent,
769 4270 844 4310 ex
871 4257 1073 4322 quibus
1096 4256 1341 4308 incautis
1364 4257 1723 4309 sermonibus
1746 4270 2149 4321 nonnunquam
2173 4256 2417 4311 seculari
2449 4258 2683 4312 brachio

278 4329 335 4379 ad
347 4335 678 4395 puniendum
701 4339 1028 4404 hujusmodi
1049 4338 1338 4392 maleficas
1360 4339 1761 4406 amputabatur
1780 4338 2041 4399 facultas,
2060 4340 2122 4392 et
2153 4339 2263 4392 hoc
2292 4340 2351 4392 in
2375 4341 2685 4395 maximum

279 4420 606 4479 angmentum
629 4422 1014 4475 maleficarum
1036 4423 1097 4474 et
1118 4422 1594 4476 contortationem
1616 4421 1776 4475 illius
1798 4422 2039 4482 heresis,
2062 4422 2194 4475 ideo
2216 4424 2425 4489 pretati
2447 4424 2683 4490 inanisi-

282 4494 428 4557 tores,
466 4502 595 4554 totis
632 4518 829 4556 eorum
869 4505 1084 4557 viribus
1127 4506 1346 4557 cunctis
1384 4504 1656 4571 periculis
1696 4506 1757 4559 et
1800 4504 2106 4557 insultibus
2138 4506 2371 4560 obviare
2406 4507 2681 4567 volentes,

283 4575 551 4635 truentum
569 4587 850 4650 quendam
871 4601 984 4639 non
1004 4589 1118 4639 tam
1141 4587 1396 4641 studiose
1417 4589 1692 4652 quantum
1714 4588 1776 4640 et
1791 4587 2075 4640 laboriose
2093 4587 2469 4656 collegerunt,
2489 4590 2547 4641 in
2570 4604 2682 4655 quo

287 4668 380 4711 non
409 4664 516 4717 tam
547 4667 865 4723 huiusmodi
895 4670 1316 4735 predicatorum
1348 4670 1734 4737 ignorantiam
1766 4684 1871 4736 pro
1906 4669 2186 4725 catholice
2220 4671 2354 4724 fidei
2388 4685 2684 4730 conserva-
