3526 5522
779 548 1413 605 VERBETERINGEN
1449 552 1547 605 EN
1586 551 2175 606 AANVULLINGEN
2606 557 2703 609 175
2809 536 2815 541 '

1305 719 1470 772 Anno
1508 717 1653 771 1325.

368 833 433 885 De
468 833 794 887 Waldenzen
840 848 947 886 van
991 834 1231 887 Atrecht
1276 848 1346 887 en
1395 835 1626 886 Dowaai
1670 834 1915 894 hebben,
1956 836 2016 887 in
2062 837 2133 888 de
2177 837 2364 888 eerste
2410 836 2555 889 heltt
2604 839 2707 891 der

251 912 262 925 ⁹
322 915 406 967 ΙΨ
422 929 579 978 eeuw,
603 917 969 983 voorloopers
993 917 1180 985 gehad
1204 918 1263 967 in
1289 918 1357 968 de
1384 916 1725 983 Beggarden
1747 932 1855 969 van
1881 917 2126 977 Keulen,
2154 920 2211 970 te
2237 919 2545 972 cordeelen
2568 934 2708 973 naar

321 997 393 1050 het
420 999 635 1062 bericht‚
677 1001 773 1052 dat
810 999 1135 1053 Willelmus
1177 1000 1538 1057 Procurator,
1581 1013 1688 1052 een
1728 1002 1964 1052 monnik
2004 1015 2110 1052 van
2151 1001 2250 1053 het
2298 1001 2555 1053 klooster
2598 1017 2706 1055 van

320 1080 546 1147 Rgmond,
566 1096 628 1135 er
651 1098 750 1134 ons
777 1083 935 1135 heeft
958 1097 1065 1134 van
1091 1083 1412 1149 nagelaten.
1440 1082 1640 1147 Dewljl
1678 1082 1778 1134 het
1801 1083 1922 1135 niet
1942 1084 2243 1135 voorkomt
2264 1085 2323 1136 in
2345 1084 2401 1137 J.
2432 1085 2706 1138 Hansen‘s

323 1161 499 1221 oneum
519 1164 629 1217 und
663 1164 1146 1231 Untersuchunqen
1184 1180 1292 1218 zur
1319 1161 1635 1218 Geschichte
1658 1164 1754 1217 des
1782 1164 2176 1218 Heoeenwahns
2208 1166 2328 1219 und
2361 1166 2464 1218 der
2483 1167 2705 1220 Hexen·

318 1245 587 1315 versolquny
606 1248 685 1300 im
708 1247 1033 1303 Mittelalter
1054 1248 1239 1312 (Bonn
1268 1247 1432 1311 1901),
1459 1262 1627 1315 moge
1653 1248 1751 1299 het
1775 1249 1902 1300 hier
1926 1263 2032 1302 een
2054 1249 2295 1315 plaatsje
2321 1250 2560 1302 vinden:

360 1378 544 1432 Eodem
575 1395 716 1435 anno
750 1380 923 1450 [1325]
959 1382 1352 1450 Begardorum
1387 1383 1657 1446 nequitia,
1695 1397 1842 1447 quae
1877 1383 2114 1435 diversis
2148 1385 2345 1434 mundi
2379 1382 2701 1436 climatibus

313 1460 534 1514 hactenus
555 1463 730 1516 latere
752 1465 1028 1530 cernitur,
1054 1466 1204 1531 apud
1227 1464 1518 1517 Coloniam
1551 1466 1904 1531 propalatur.
1929 1466 2033 1517 Isti
2068 1466 2220 1517 enim
2252 1480 2449 1518 eorum
2485 1467 2697 1519 ibidem

314 1545 560 1598 stultitiam
579 1548 966 1613 praedicantes
991 1551 1050 1600 et
1086 1550 1373 1599 matronas
1410 1549 1596 1598 varias
1621 1549 1690 1599 ad
1714 1548 1966 1613 ipsorum
1990 1547 2238 1600 ludibria
2271 1548 2693 1608 contrahenteS,

315 1628 390 1679 sub
409 1631 547 1681 terra
567 1631 842 1693 quoddam
865 1630 1127 1682 mirabile
1150 1629 1532 1682 habitaculum
1555 1632 1829 1689 fecerant,
1852 1631 2002 1694 quod
2027 1629 2387 1697 Paradysum
2405 1631 2701 1682 vocabant.

315 1708 537 1763 Omnibus
568 1713 714 1764 enim
747 1712 903 1763 illico
930 1712 1142 1764 divitiis
1167 1712 1487 1766 affluebant.
1514 1713 1602 1764 Ad
1635 1726 1805 1777 quem
1843 1712 2049 1771 locum,
2076 1716 2138 1764 ut
2173 1713 2418 1777 saepius,
2444 1714 2616 1765 etiam
2638 1713 2700 1764 in

313 1795 440 1846 nocte
459 1794 786 1847 parasceves
809 1796 1116 1847 convenire
1141 1795 1530 1859 decreverant,
1565 1795 1665 1846 ubi
1699 1796 1789 1859 cuj
1799 1796 1991 1846 usdam
2027 1796 2276 1860 potentis
2311 1809 2547 1848 uxorem
2572 1810 2700 1846 cum

311 1876 475 1928 ceteris
494 1878 816 1929 invitabant.
842 1876 951 1930 Illa
972 1877 1164 1942 itaque
1188 1878 1259 1929 ad
1279 1879 1597 1943 praefatum
1620 1876 1809 1928 locum
1843 1877 2043 1929 eodem
2081 1879 2335 1943 tempore
2370 1879 2700 1929 transeunte

311 1958 501 2023 eJusque
531 1960 727 2012 marito
765 1975 878 2011 non
912 1961 1189 2012 modicam
1224 1962 1423 2011 contra
1455 1961 1637 2024 ipsam
1671 1960 2050 2024 suspicionem
2088 1959 2351 2022 habente,
2378 1961 2502 2026 ipsa
2523 1959 2702 2013 lorica

309 2041 531 2104 munitus,
554 2044 841 2108 cujusdam
865 2057 1088 2108 quoque
1112 2041 1364 2094 Lollardi
1398 2041 1593 2093 habitu
1627 2042 1861 2093 indutus
1897 2043 1967 2093 ad
1988 2044 2305 2107 praefatum
2330 2042 2515 2094 locum
2537 2043 2698 2094 iesti-

308 2135 414 2175 nare
442 2125 688 2185 traditur,
723 2125 886 2191 quus
920 2126 1124 2178 semita
1155 2139 1259 2190 per
1295 2126 1490 2176 uxoris
1522 2125 1921 2189 pedissequam
1962 2126 2299 2176 ostentatur.
2336 2124 2465 2190 Ipse
2504 2126 2698 2190 itaque

306 2218 405 2255 eum
437 2208 626 2259 ceteris
662 2207 988 2274 hujusmodi
1032 2208 1375 2273 paradysum
1419 2207 1769 2273 ingrediens,
1814 2207 1915 2258 sed
1960 2207 2019 2257 in
2067 2206 2276 2273 angulo
2321 2207 2588 2273 privatim
2633 2221 2696 2260 se

303 2287 557 2352 recipiens,
580 2292 867 2355 gestorum
903 2290 1260 2341 diversitates
1293 2290 1495 2341 nititur
1517 2290 1801 2341 discutere
1826 2290 1884 2341 et
1907 2289 2078 2341 finem
2101 2289 2205 2340 sub
2241 2289 2468 2342 silentio
2494 2304 2696 2357 expec-

305 2369 415 2421 tare.
437 2370 672 2431 Quorum
693 2374 880 2425 medio
906 2374 1134 2437 quidam
1157 2373 1410 2438 ipsorum
1442 2372 1803 2437 reputatione
1835 2371 2136 2435 valentior,
2161 2373 2349 2424 tuerat
2372 2373 2524 2423 enim
2547 2373 2700 2425 inter

304 2453 486 2504 ceteros
527 2454 896 2520 eloquentior,
938 2455 1141 2506 nititur
1186 2467 1443 2520 surgere,
1486 2455 1543 2505 in
1586 2454 1768 2505 Jhesu
1813 2467 2061 2517 suaeque
2107 2455 2306 2506 matris
2353 2454 2586 2514 Mariae,
2636 2458 2702 2507 ut

304 2533 472 2597 aiebat,
492 2539 824 2601 praesentia,
845 2537 1060 2590 error1s
1079 2537 1374 2590 materiam
1391 2535 1713 2602 propalare.
1729 2536 1854 2587 Duo
1874 2537 2046 2595 enim,
2069 2538 2132 2588 ut
2146 2551 2252 2602 per
2269 2537 2699 2603 conceptionem

304 2613 484 2680 loquar,
506 2619 708 2672 ibidem
733 2622 988 2680 aderant,
1015 2621 1113 2684 qui
1137 2635 1197 2672 se
1218 2620 1457 2672 Mariam
1479 2621 1539 2671 et
1560 2620 1684 2684 ejus
1708 2617 1890 2669 fllium
1913 2620 2259 2671 asserebant.
2287 2620 2484 2670 Dictus
2507 2621 2699 2683 itaque

304 2700 452 2751 nudus
471 2705 793 2768 praedicans
817 2706 875 2756 et
908 2717 1104 2756 omnes
1138 2716 1297 2755 more
1331 2703 1696 2754 innocentum
1731 2703 1802 2752 ad
1838 2701 2150 2753 nuditatem
2183 2700 2511 2761 exhortans,
2537 2702 2695 2754 vario

302 2793 464 2836 errore
499 2787 606 2838 tam
644 2788 829 2853 prima
867 2802 1033 2851 quam
1072 2787 1260 2839 media
1301 2786 1501 2840 nititur
1535 2786 1826 2851 detegere,
1863 2786 1923 2835 et
1959 2784 2381 2836 conclusionem
2420 2785 2694 2847 tenebris,

300 2866 604 2921 extinctione
624 2869 986 2922 candelarum
1008 2868 1293 2928 videlicet,
1320 2869 1643 2932 deturpare,
1667 2866 1768 2918 ubi
1792 2867 1924 2918 dum
1949 2866 2189 2930 quilibet
2209 2881 2513 2932 porcorum
2536 2880 2695 2919 more

300 2959 431 3000 suam
450 2951 638 3004 nititur
659 2952 958 3018 subjicere,
983 2952 1171 3004 carnis
1195 2963 1419 3016 quoque
1442 2950 1690 3002 officium
1713 2963 1934 3002 summa
1956 2950 2118 3013 quasi
2150 2951 2365 3002 invidia
2396 2951 2696 3015 perficere,

301 3028 452 3083 dictus
483 3036 673 3098 potens
705 3035 997 3102 peregrini
1031 3034 1231 3086 ordine
1265 3036 1325 3086 et
1357 3033 1518 3097 quasi
1551 3046 1685 3083 casu
1718 3032 1986 3098 propriae
2021 3033 2187 3084 uxori
2218 3033 2498 3098 jungitur,
2535 3033 2696 3097 cujus

299 3113 497 3168 maxilla
516 3117 795 3170 subtracto
828 3117 1093 3169 similiter
1126 3115 1335 3169 annulo
1369 3114 1719 3167 vulneratur.
1743 3115 1862 3174 Quo
1885 3116 2056 3176 taet0,
2081 3128 2301 3167 summa
2332 3115 2698 3167 festinatione

302 3195 471 3248 nititur
490 3201 700 3266 fugere,
720 3203 779 3252 et
801 3201 891 3251 die
914 3201 1164 3252 crastina
1181 3200 1401 3259 cuncta,
1422 3211 1566 3261 quae
1585 3198 1823 3256 viderat,
1843 3197 2165 3263 propalare.
2187 3196 2499 3263 Capiuntur
2524 3197 2700 3264 igitur

302 3290 405 3329 cum
430 3285 670 3345 praefato
703 3283 884 3336 Jhesu
919 3283 1153 3347 ejusque
1189 3284 1370 3332 matre
1403 3280 1574 3346 hujus
1609 3282 1799 3332 sectae
1834 3279 2065 3346 singuli,
2093 3294 2335 3344 quorum
2367 3293 2573 3345 corpus
2599 3281 2698 3330 aut

302 3358 424 3424 ignis
433 3367 686 3431 voragine
705 3367 802 3417 aut
813 3364 1005 3417 Rheni
1017 3362 1299 3431 t[l]umine
1316 3364 1642 3416 suffocatur.
1657 3362 1803 3423 Quid
1815 3365 2004 3416 autem
2022 3363 2233 3416 dictum
2250 3364 2541 3429 potentem
2557 3374 2695 3413 suae

303 3446 438 3497 uxori
452 3448 504 3498 in
525 3450 824 3501 amicorum
842 3448 1166 3514 praesentia
1186 3451 1296 3499 tam
1311 3447 1560 3500 vulneris
1573 3447 1896 3499 ostensione
1912 3461 2080 3510 quam
2098 3448 2292 3498 annuli
2310 3446 2696 3499 subtractione

300 3530 619 3591 proposuisse
641 3532 940 3584 didicimus
960 3531 1268 3583 breviatur.
1296 3530 1504 3583 Fertur
1523 3531 1824 3594 praeterea
1845 3528 2126 3592 quendam
2156 3526 2311 3578 illico
2334 3528 2598 3592 juvenem
2622 3529 2693 3580 ob

301 3618 516 3663 amorem
536 3614 803 3681 rugientis
825 3616 1150 3678 tactumque
1170 3614 1430 3680 negantis
1454 3613 1615 3677 quasi
1647 3625 1751 3677 per
1775 3612 1996 3677 tempus
2020 3610 2284 3670 deficere,
2311 3611 2540 3662 tandem
2562 3624 2697 3663 vero

301 3690 358 3740 ad
376 3696 571 3746 sororis
590 3697 916 3749 instantiam
934 3697 1257 3749 cicatricem
1280 3695 1531 3747 vulneris
1554 3695 1822 3752 enodare,
1841 3707 1946 3758 per
1962 3707 2130 3758 quam
2153 3693 2225 3745 ad
2248 3693 2529 3757 quoddam
2546 3692 2704 3745 velut

301 3784 444 3838 snpra
470 3780 725 3846 paradysi
747 3779 1131 3832 habitaculum
1155 3779 1380 3843 saepius
1414 3777 1656 3838 ducitur,
1683 3777 1781 3827 ubi
1805 3776 2045 3828 dilectae
2069 3776 2266 3827 tamin
2292 3774 2501 3826 osculis
2533 3789 2701 3839 quam

299 3853 346 3905 in
366 3859 552 3911 ceteris
573 3862 689 3915 vice
706 3863 952 3927 plurima
970 3862 1238 3913 sociatur.
1259 3861 1431 3925 Cujus
1454 3874 1583 3910 cum
1606 3872 1840 3925 gressus
1864 3859 2152 3918 deficeret,
2177 3857 2440 3921 dictaque
2463 3858 2705 3909 materia

299 3941 635 3997 eonscientiae
657 3945 930 3997 malitiam
955 3945 1369 4011 augmentaret,
1387 3942 1525 4008 tuga
1546 3942 1780 4006 petitur,
1806 3942 2099 3993 confessor
2120 3940 2397 4005 queritur.
2423 3939 2513 3991 Ad
2535 3941 2699 4003 cujus

299 4018 587 4077 instantiam
602 4029 832 4093 quaevis
850 4028 1130 4079 dictorum
1148 4026 1328 4078 series
1345 4023 1685 4091 divulgatur.
1701 4023 1887 4089 Hujus
1903 4024 2095 4087 itaque
2107 4022 2385 4088 Paradysi
2395 4021 2701 4074 Cherubim

301 4101 598 4172 dormiente,
624 4110 928 4178 gladioque
951 4108 1205 4161 versatili
1225 4109 1342 4171 jam
1361 4109 1635 4164 cessante,
1664 4120 1923 4159 accessus
1940 4105 2226 4172 panditur,
2253 4104 2493 4157 ballivus
2516 4116 2701 4155 arces·

300 4184 438 4251 nitur,
478 4191 633 4255 cuius
675 4192 855 4244 vultui
899 4191 1078 4244 multo
1125 4191 1307 4256 magis
1356 4203 1524 4254 quam
1573 4189 1771 4243 auditu
1818 4190 2171 4253 perceperat,
2221 4189 2557 4244 ostentatur,
2604 4184 2704 4236 ubi

302 4269 559 4336 utriusque
591 4288 756 4326 sexus
787 4274 1089 4328 multitudo
1124 4273 1365 4338 capitur,
1391 4285 1632 4337 quorum
1664 4271 1897 4337 plurimi
1920 4270 2154 4322 denario
2177 4270 2538 4336 procurante,
2565 4281 2699 4321 ava-

305 4349 418 4404 ritia
433 4354 747 4422 instigante,
772 4358 971 4409 mortis
996 4356 1235 4409 nexibus
1259 4355 1596 4408 liberantur.

797 4486 1066 4539 willelmi
1096 4485 1392 4540 chronicon
1425 4482 1687 4539 monachi
1720 4492 1770 4539 et
1793 4486 2182 4552 procuratoris
2214 4480 2591 4552 Eymondani,
2627 4479 2702 4543 bij

852 4571 920 4621 A.
947 4569 1286 4636 Matthaeus,
1324 4566 1526 4622 Veteris
1547 4570 1672 4626 aevi
1695 4565 1980 4631 Analecta,
2006 4566 2132 4630 deel
2156 4567 2213 4619 11
2236 4564 2426 4633 (1738),
2450 4563 2561 4615 blz.
2584 4561 2707 4616 643-

853 4652 970 4714 644.
