3526 5522
1314 667 1528 721 ANNO
1565 668 1712 728 1357,
1751 670 1883 720 1372
2760 676 2825 728 39

359 831 749 899 appellabant)
788 833 1021 893 sectam,
1066 834 1182 884 tam
1224 831 1541 897 apostolica
1582 847 1751 897 quam
1797 835 1995 886 nostra
2040 837 2336 889 ordinaria
2377 839 2825 891 authoritatibus

358 915 547 966 varios
572 928 677 966 nos
700 915 924 979 pridem
945 928 1248 979 processus
1273 915 1633 966 meminimus
1657 917 1936 976 emisisse,
1965 932 2207 982 quorum
2245 920 2603 972 districtione
2639 922 2826 974 dictae

357 999 547 1049 sectae
587 998 903 1048 sectatores
938 996 1007 1047 ab
1044 997 1170 1060 eJus
1205 997 1482 1047 exercitio
1523 998 1583 1047 in
1619 999 1819 1049 nostra
1851 999 2080 1052 civitate
2117 1003 2176 1051 et
2210 1001 2459 1053 dioecesi
2496 1001 2827 1054 Coloniensi

358 1080 641 1130 desistere
676 1081 810 1129 sunt
845 1077 1142 1143 compulsi.
1167 1079 1256 1129 Ad
1281 1079 1537 1129 nostrum
1566 1081 1779 1139 tamen,
1806 1095 1919 1132 non
1946 1082 2159 1145 absque
2184 1084 2618 1147 perturbatione
2642 1086 2823 1150 gravi,

356 1160 624 1226 pervenit
647 1161 923 1221 auditum,
951 1161 1103 1224 quod
1130 1159 1391 1211 nonnulli
1427 1162 1816 1224 superstitiosi
1852 1163 2114 1215 homines
2150 1166 2209 1214 et
2244 1166 2494 1223 nefandi,
2534 1167 2592 1216 in
2630 1165 2825 1230 hujus-

358 1242 513 1294 modi
537 1242 938 1294 detestabilem
973 1244 1032 1294 et
1067 1243 1395 1294 damnatum
1428 1244 1810 1295 recidivantes
1845 1258 2121 1304 errorem,
2148 1246 2237 1296 his
2273 1247 2472 1298 diebus
2496 1248 2826 1312 hujusmodi

355 1328 548 1377 sectae
574 1325 917 1376 exercitium
941 1325 1095 1375 intra
1119 1326 1351 1375 nostrae
1384 1324 1804 1388 jurisdictionis
1841 1327 2119 1378 terminos
2141 1330 2471 1380 restaurare
2493 1342 2827 1394 praesump-

356 1408 515 1459 tione
565 1405 851 1458 diabolica
893 1408 1420 1471 praesumpserunt,
1470 1406 1618 1457 falso
1666 1408 2062 1473 confingentes
2108 1424 2170 1462 se
2218 1425 2251 1463 a
2297 1412 2460 1463 nobis
2504 1426 2677 1476 super
2717 1413 2828 1464 hoc

355 1488 650 1541 licentiam
676 1490 988 1553 accepisse.

420 1573 545 1622 Nos
587 1572 786 1636 igitur,
830 1584 901 1621 ne
936 1570 1263 1634 hujusmodi
1299 1572 1488 1621 sectae
1524 1571 1780 1623 nefariae
1814 1573 2068 1625 recidiva
2101 1577 2262 1638 peste
2302 1578 2570 1641 resurgat
2607 1577 2825 1628 exerci-

353 1653 516 1709 tium,
571 1653 732 1703 vobis
778 1655 838 1704 et
891 1651 1130 1703 cuilibet
1185 1653 1438 1703 vestrum
1497 1653 1601 1703 sub
1659 1656 2264 1707 excommunicationis
2319 1671 2507 1721 poena
2565 1659 2823 1710 districte

356 1735 767 1800 praecipiendo
823 1734 1177 1793 mandamus,
1230 1735 1508 1797 quatenus
1560 1735 1620 1784 in
1677 1736 1884 1785 vestris
1941 1736 2200 1788 ecclesiis
2257 1738 2485 1802 publice
2542 1742 2824 1791 moneatis

354 1817 623 1867 homines
648 1817 1034 1880 praescriptos
1068 1816 1393 1879 pestiterOS,
1433 1829 1574 1879 quos
1610 1816 1670 1866 et
1704 1830 1808 1866 nos
1843 1817 2044 1869 tenore
2079 1821 2469 1882 praesentium
2502 1835 2819 1884 monemuS,

355 1900 437 1958 ut,
474 1899 636 1949 intra
669 1899 889 1961 septem
925 1897 1046 1948 dies
1080 1898 1212 1961 post
1246 1898 1493 1948 vestram
1526 1898 1919 1957 monitionem,
1955 1901 2075 1950 Deo
2102 1903 2162 1951 et
2184 1902 2347 1952 nobis
2385 1902 2454 1953 de
2490 1902 2819 1967 hujusmodi

356 1981 475 2031 suis
520 1979 867 2045 perniciosis
915 1979 1243 2030 excessibus
1289 1980 1632 2044 condignam
1678 1982 1975 2043 praestent
2013 1982 2331 2033 emendam.
2385 1982 2616 2047 Alioqui
2663 1986 2819 2048 ipsos

354 2076 558 2114 omnes
600 2063 661 2113 et
698 2059 976 2125 singulos,
1022 2061 1119 2123 qui
1163 2060 1274 2110 hoc
1320 2073 1467 2110 anno
1509 2062 1699 2111 sectae
1746 2062 2074 2126 praedictae
2115 2064 2453 2116 exercitium
2491 2068 2819 2118 restaurare

356 2145 872 2207 praesumpserunt
915 2141 1004 2193 vel
1051 2143 1406 2206 inposterum
1463 2155 1739 2193 exercere
1795 2147 2169 2207 praesumunt
2216 2147 2379 2209 (quos
2424 2150 2663 2212 propter
2709 2148 2819 2199 hoc

351 2226 442 2277 his
489 2225 725 2288 scriptis
771 2224 1365 2285 excommunicamus),
1427 2225 1947 2275 excommunicatos
2000 2227 2335 2278 nominatim
2381 2230 2440 2279 et
2488 2230 2549 2280 in
2605 2231 2818 2294 specie,

353 2320 603 2372 quorum
650 2307 881 2357 nomina
925 2305 1206 2356 sciveritis
1247 2304 1336 2356 vel
1379 2306 1440 2355 in
1484 2308 1781 2369 posterum
1827 2308 1978 2359 scire
2021 2308 2306 2372 poteritis,
2366 2309 2507 2361 alias
2565 2325 2699 2362 vero
2759 2312 2817 2361 in

354 2402 576 2454 genere
621 2386 851 2453 publice
896 2389 955 2438 et
999 2385 1333 2446 solenniter,
1380 2387 1671 2449 campanis
1715 2387 1975 2452 pulsatis,
2034 2389 2289 2441 candelis
2340 2393 2594 2443 accensis
2647 2395 2707 2444 et
2759 2393 2818 2443 in

354 2473 575 2522 terram
608 2470 884 2533 projectis
917 2470 978 2520 et
1010 2468 1297 2526 extinctis,
1335 2468 1634 2527 intimetis,
1670 2471 1730 2519 et
1773 2470 1830 2520 in
1875 2469 2016 2521 locis
2066 2472 2516 2536 quibuscunque,
2560 2474 2631 2525 ad
2675 2488 2821 2538 quae

353 2551 691 2616 hujusmodi
729 2551 918 2602 sectae
958 2549 1297 2601 exercitium
1338 2551 1675 2612 exequendo
1715 2551 2103 2614 pervenerint,
2148 2554 2415 2615 quamdiu
2456 2554 2537 2605 ibi
2580 2556 2820 2614 suerint,

359 2640 418 2685 et
438 2647 551 2698 per
575 2645 821 2696 sequens
846 2632 1118 2691 triduum,
1144 2632 1380 2683 cessetis
1405 2632 1634 2695 penitus
1658 2646 1693 2683 a
1714 2632 1943 2683 divinis.

418 2716 742 2768 Hortamur
778 2714 1016 2778 insuper
1054 2715 1113 2765 et
1151 2714 1498 2779 requirimus
1534 2715 1831 2766 universos
1871 2716 2154 2767 terrarum
2192 2716 2471 2778 dominos,
2508 2719 2821 2782 potestates

361 2801 419 2849 et
437 2798 769 2863 justitiaros
794 2795 1136 2855 saeculares,
1163 2798 1227 2846 ut
1250 2796 1580 2860 huiusmodi
1603 2797 1865 2848 homines
1900 2811 1935 2849 a
1968 2800 2157 2849 sectae
2191 2800 2519 2862 praedictae
2543 2803 2819 2852 exercitio

352 2893 557 2933 arcere
592 2878 862 2929 studeant
896 2890 1097 2929 manus
1133 2878 1490 2942 appositione
1524 2878 1812 2929 militaris.
1848 2879 1914 2930 In
1952 2893 2064 2944 quo
2099 2881 2308 2932 nedum
2346 2882 2664 2947 reipublice
2705 2897 2819 2934 non

353 2962 644 3014 modicum
690 2958 1011 3019 consulent,
1059 2960 1197 3024 quin
1240 2961 1416 3011 etiam
1456 2960 1794 3024 obsequium
1835 2964 2129 3026 acceptum
2169 2963 2408 3015 Divinae
2448 2965 2821 3028 praestabunt

354 3041 670 3108 majestati,
707 3040 1066 3093 absolutione
1093 3041 1346 3092 omnium
1378 3044 1827 3106 praemissorum
1861 3044 2354 3109 transgressorum
2379 3047 2542 3097 nobis
2576 3048 2820 3098 tantum-

356 3126 524 3176 modo
548 3125 867 3175 reservata.

421 3207 636 3258 Datum
661 3217 814 3256 anno
840 3204 1070 3256 Domini
1094 3217 1367 3256 ucccnvn.

894 3318 1243 3376 Hartzheim,
1285 3317 1533 3371 Concilia
1572 3317 1935 3379 Germaniae,
1962 3320 2085 3372 deel
2113 3320 2209 3380 IV,
2245 3320 2353 3372 blz.
2390 3322 2614 3372 485-486
2648 3321 2821 3385 (Colo-

958 3402 1092 3452 niae
1123 3399 1372 3466 synodus
1405 3415 1555 3452 anno
1591 3402 1940 3466 MCGGLVII,
1977 3402 2111 3466 Cap.
2148 3403 2257 3454 VII
2284 3419 2296 3453 ฮต
2338 3403 2654 3471 Ubicunque
2687 3403 2821 3455 Fla-

955 3480 1254 3548 yellatores
1301 3489 1551 3533 exercent
1590 3484 1920 3534 exercitium
1963 3491 2140 3534 sectae
2175 3500 2330 3543 suae,
2373 3485 2704 3537 cessandum
2745 3492 2824 3537 est

948 3577 1059 3629 per
1097 3562 1371 3620 triduum,
1413 3562 1819 3615 absolutionem
1861 3579 2184 3617 excessuum
2218 3564 2520 3618 eorundem
2553 3569 2823 3618 retinente

956 3643 1066 3695 sibi
1090 3643 1456 3709 dioecesano).

1378 3846 1489 3912 29
1541 3838 1811 3928 (215ยน2ss).

464 4045 583 4110 Na
652 4046 867 4118 1372,
931 4041 1090 4107 Juli
1149 4049 1267 4119 23,
1339 4040 2302 4130 Villeneuve-lez-Aviynon?
2346 4048 2465 4108 Bul
2508 4062 2634 4108 van
2667 4064 2828 4125 paus

364 4144 721 4223 Gregorius
753 4145 846 4204 XI
870 4159 995 4204 aan
1020 4142 1142 4204 den
1168 4143 1635 4204 Utrechtschen
1667 4143 1967 4220 bisschop
2001 4146 2041 4205 J
2043 4162 2128 4207 an
2160 4161 2287 4206 van
2310 4143 2510 4206 Arkel
2545 4161 2652 4207 om
2677 4146 2826 4207 hem

362 4241 445 4305 de
471 4243 888 4321 inquisiteurs
913 4257 1041 4302 van
1072 4240 1202 4317 zijn
1235 4240 1484 4303 bisdom
1512 4258 1638 4303 aan
1669 4243 1737 4303 te
1769 4241 2058 4304 bevelen.

364 4394 613 4463 [Littera
634 4392 1177 4448 recommendatoria
1200 4408 1272 4446 ew
1285 4401 1453 4461 parte
1465 4409 1619 4461 pape
1633 4409 1743 4463 pro
1767 4395 2197 4463 inquisitoribus
2219 4394 2457 4449 heretice
2474 4396 2829 4464 prenuntia]

436 4508 954 4643 ฮธแฟฆฮถฮตฮนแฟฮฟแฟแฝฒฮตแฝฒแผฐแฝฒแฝถแพแฟฮฟ
1011 4590 1341 4641 commissoฮ
1361 4588 1467 4640 tibi
1516 4589 1702 4640 officio
1747 4591 2000 4641 tenearis
2047 4603 2173 4643 esse
2217 4605 2323 4655 pro
2367 4591 2646 4643 catholice
2691 4590 2828 4642 fidei

374 4673 809 4726 conservatione
848 4670 1148 4729 sollicitus,
1190 4671 1610 4724 traternitatem
1650 4672 1806 4723 tuam
1840 4684 2111 4737 rogamus
2156 4676 2215 4726 et
2254 4673 2551 4724 hortamur
2589 4672 2822 4733 attente,
