3526 5522
723 582 758 634 6
1662 583 1766 634 AN
1770 583 1870 637 ΝΟ
1909 584 2052 645 1322,
2093 583 2217 635 1323

725 750 1016 816 stipitique
1050 751 1339 817 appositus
1372 750 1611 803 flammis
1642 749 1929 817 jungitur;
1969 750 2071 803 sed
2104 763 2299 803 earum
2334 750 2520 803 medio
2557 750 2718 814 quasi
2741 762 2874 802 rore
2901 749 3163 802 salvifico

727 836 1153 901 temperatoque
1206 833 1409 886 balneo
1465 834 1855 899 subportatur.
1921 832 2104 898 Super
2162 847 2273 897 quo
2331 834 2640 897 inquisitor
2694 847 2807 884 non
2870 833 3163 885 modicum

729 918 1111 978 contunditur,
1159 918 1255 981 qui
1299 916 1534 981 reliquis
1574 916 1888 967 astantibus
1937 915 2390 980 stupendumque
2437 915 2759 967 videntibus
2804 917 3166 967 ammiratur.

730 1001 1028 1053 Praetatus
1060 1002 1252 1064 itaque
1285 999 1605 1051 haereticus
1628 1000 1822 1063 stipite
1846 997 2084 1054 tollitur,
2126 998 2349 1049 carceri
2375 998 2638 1060 traditur,
2665 998 2844 1049 donec
2876 1000 3172 1050 transacta

729 1085 896 1135 nocte
919 1082 1040 1135 dies
1061 1082 1311 1133 crastina
1331 1082 1744 1147 praesentatur.
1775 1079 1898 1138 Qua
1927 1078 2252 1131 lucescente
2278 1093 2384 1131 nec
2409 1093 2520 1130 non
2546 1078 2688 1131 hora
2710 1079 2873 1131 dictis
2906 1093 3172 1145 congrua

729 1167 1010 1226 veniente,
1050 1165 1202 1216 idem
1239 1164 1543 1228 inquisitor
1578 1161 1904 1214 vehementi
1937 1162 2210 1213 instantia
2250 1175 2579 1226 summaque
2614 1161 2912 1227 diligentia
2946 1162 3169 1214 dictum

726 1247 977 1316 postulat
1019 1250 1083 1299 ut
1124 1247 1284 1312 prius
1327 1246 1526 1312 poenis
1572 1246 1744 1312 dirigi
1802 1246 1861 1298 et
1920 1245 2270 1296 flammarum
2325 1244 2604 1296 incendiis
2662 1243 2906 1310 alligari,
2954 1247 3050 1309 qui
3105 1247 3173 1297 ut

728 1332 947 1397 pridem
987 1329 1116 1394 palo
1154 1329 1434 1395 jnngitur,
1475 1329 1599 1395 igni
1638 1329 1968 1393 imponitur,
2015 1328 2116 1379 sed
2156 1341 2258 1379 nec
2298 1327 2431 1392 pilis
2473 1340 2578 1378 nec
2614 1327 2863 1378 vestibus
2903 1327 3171 1380 flammae

731 1415 1009 1466 voracitas
1050 1413 1335 1478 operatur.
1381 1412 1542 1464 Unde
1581 1412 1763 1476 stipiti
1813 1410 2150 1468 subtractus,
2198 1409 2431 1462 illaesus
2479 1413 2537 1462 et
2581 1410 2825 1461 intactus
2872 1410 3169 1476 ergastulo

733 1497 998 1548 sociatur.
1036 1495 1218 1560 Super
1251 1508 1360 1558 quo
1398 1495 1578 1545 dictus
1614 1493 1920 1557 inquisitor
1945 1506 2072 1543 cum
2097 1493 2322 1551 ceteriS,
2347 1505 2545 1544 verum
2566 1490 2744 1543 multo
2770 1506 2911 1558 prae
2933 1493 3170 1552 ceteriS,

736 1580 989 1644 tangitur
1031 1580 1090 1630 et
1133 1577 1439 1642 suspiranti
1496 1576 1681 1627 studio
1729 1576 1866 1639 quid
1922 1588 2015 1628 res
2073 1577 2199 1627 acta
2252 1574 2391 1626 velit
2445 1575 2685 1626 innuere
2741 1577 3174 1639 percunctatur.

737 1661 845 1713 Hic
898 1662 1088 1724 itaque
1142 1660 1231 1710 vir
1284 1659 1660 1723 peritissimus
1721 1656 1935 1721 talique
1994 1658 2223 1723 negotio
2276 1657 2695 1723 sagacissimus,
2753 1657 2938 1709 sciens
2993 1658 3174 1709 istum

737 1745 1015 1796 veraciter
1069 1742 1418 1794 haereticum
1467 1741 1830 1804 incendiique
1889 1741 2087 1804 poenis
2144 1739 2560 1805 dignissimum,
2617 1740 2834 1805 cogitat
2887 1740 3000 1791 ista
3053 1755 3176 1792 non

739 1839 906 1891 posse
938 1825 1065 1877 fieri
1100 1825 1208 1876 nisi
1243 1827 1364 1875 arte
1399 1824 1754 1879 daemonum,
1789 1826 1927 1874 nutu
1962 1823 2086 1874 Dei.
2124 1822 2480 1887 Quapropter
2515 1822 2613 1872 die
2649 1822 2837 1882 tertia,
2860 1823 3180 1887 iuventutis

741 1906 948 1960 delicta
990 1909 1254 1972 repetens
1311 1908 1370 1958 et
1423 1919 1625 1971 puram
1683 1905 2096 1957 contessionem
2153 1904 2386 1967 taciens,
2439 1901 2612 1955 ‘altari
2669 1904 2951 1970 jungitur,
3002 1906 3183 1958 missa

742 1990 1052 2057 perficitur,
1112 1990 1385 2053 quaedam
1445 1988 1760 2040 substantia
1815 1987 1994 2052 pixidi
2049 1987 2316 2052 imposita
2371 1987 2495 2051 eJ‘us
2553 1987 2774 2052 gremio
2822 1988 3178 2053 deportatur.

743 2073 972 2126 Interea
1004 2072 1074 2122 ad
1107 2072 1432 2123 instantiam
1469 2070 1822 2135 inquisitoris
1863 2070 2045 2121 dictus
2087 2069 2408 2122 haereticus
2445 2082 2675 2121 carcere
2712 2070 3009 2134 promitur,
3051 2071 3182 2136 igni

745 2155 1050 2208 attrahitur
1093 2156 1152 2205 et
1200 2154 1380 2219 stipiti
1421 2154 1539 2218 jam
1588 2153 1757 2205 tertio
1815 2153 2188 2211 combinatur,
2236 2153 2354 2216 qui,
2413 2154 2475 2203 ut
2527 2152 2707 2216 prius,
2765 2152 3006 2203 flammis
3061 2167 3180 2204 non

746 2239 1020 2304 tangitur,
1060 2238 1190 2288 cute
1225 2250 1338 2287 non
1377 2234 1624 2287 laeditur
1657 2249 1762 2286 nec
1803 2235 1999 2299 quavis
2034 2235 2124 2286 sui
2156 2236 2319 2300 parte
2353 2234 2609 2299 corporis
2649 2234 2967 2287 infestatur.
3005 2234 3184 2301 Cujus

746 2319 1138 2373 ammiratione
1184 2332 1287 2370 nec
1330 2332 1444 2369 non
1489 2318 1768 2383 stupenda
1809 2318 2032 2370 ratione
2076 2317 2380 2382 inquisitor
2434 2330 2574 2383 prae
2629 2317 2835 2369 ceteris
2892 2317 3181 2382 dejicitur,

747 2403 843 2467 qui
881 2401 1104 2467 prolata
1146 2400 1358 2465 pixide,
1400 2400 1519 2452 veri
1559 2399 1807 2450 numinis
1840 2400 2216 2458 invocatione,
2256 2399 2357 2450 tali
2392 2413 2531 2451 sono
2569 2399 2839 2451 carminis
2872 2399 3129 2452 elevatur
3167 2415 3182 2451 :

751 2504 776 2527 u
803 2483 849 2536 O
896 2484 1048 2535 Deus
1095 2482 1367 2548 piissime,
1414 2496 1447 2532 o
1495 2482 1718 2533 Christe
1763 2482 2222 2544 clementissime,
2283 2483 2445 2548 cujus
2503 2497 2710 2548 corpus
2765 2485 3186 2536 sanctissimum

749 2565 1034 2633 praesenti
1067 2564 1287 2616 vasculo
1323 2565 1649 2626 deferimus,
1676 2564 1788 2616 fide
1822 2565 2052 2632 integra
2082 2566 2270 2617 cordis
2306 2565 2553 2630 hospitio
2580 2568 2962 2633 deportamuS,
2995 2568 3187 2632 pande

750 2652 921 2709 tuam,
945 2662 1174 2712 quaeso,
1199 2648 1468 2713 pietatem
1494 2649 1833 2710 nostraeque
1855 2648 1990 2699 fidei
2011 2647 2327 2707 veritatem,
2349 2649 2432 2707 ut,
2453 2661 2555 2699 cur
2571 2649 2681 2700 iste
2705 2649 3186 2714 despectissimus,

752 2732 907 2784 omni
939 2728 1219 2783 catholico
1253 2730 1534 2790 inimicus,
1572 2730 1705 2798 igne
1740 2744 1854 2782 non
1889 2730 2130 2789 roditur,
2169 2731 2519 2783 ostendatur.
2560 2731 2704 2784 Nam
2744 2732 2793 2784 si
2827 2746 2930 2785 sua
2961 2730 3192 2786 haeresi

752 2817 951 2868 contra
982 2814 1152 2866 fidem
1182 2813 1565 2879 praevaluerit
1598 2827 1702 2866 nec
1733 2815 1918 2879 ipsum
1955 2813 2311 2864 flammarum
2340 2828 2553 2880 vorago
2593 2814 2910 2873 involverit,
2954 2829 3192 2869 necesse

752 2898 840 2951 est
866 2895 1218 2949 orthodoxae
1240 2895 1487 2948 cultores
1524 2896 1767 2947 deficere
1794 2896 2067 2959 Petrique
2094 2894 2428 2956 naviculam,
2457 2898 2516 2948 id
2542 2898 2647 2958 est,
2674 2898 2925 2950 sanctam
2946 2900 3192 2950 matrem

751 2979 1081 3038 Ecclesiam,
1121 2979 1514 3044 despectorum
1551 2978 1814 3030 fluctibus
1850 2976 2138 3030 vacillare.
2169 3002 2194 3024 .-
2232 2979 2355 3038 Qua
2387 2980 2649 3031 oratione
2683 2980 2944 3046 suspiriis
2965 2979 3194 3045 prolata

752 3063 1114 3126 lacrimisque
1152 3061 1331 3121 finita,
1375 3062 1521 3113 sicut
1558 3062 1818 3112 traxinus
1855 3061 1980 3125 pice
2013 3061 2241 3113 madida
2273 3062 2553 3126 pinusque
2588 3063 2796 3114 sudans
2830 3064 3041 3122 resina,
3076 3065 3194 3117 iste

753 3143 1086 3198 maledictus
1133 3145 1320 3196 uritur
1363 3146 1422 3196 et
1464 3143 1803 3209 stipularum
1859 3156 2020 3195 more
2076 3142 2278 3195 leviori
2332 3145 2595 3196 incendio
2647 3145 2967 3197 devoratur.
3014 3145 3193 3211 Cuius

754 3228 898 3281 hora
939 3242 1047 3280 vox
1101 3225 1413 3294 caliginoso
1471 3240 1604 3278 aere
1649 3227 1984 3292 percipitur,
2033 3239 2178 3289 quae
2222 3227 2420 3291 utique
2466 3227 2835 3280 daemonibus
2880 3229 3128 3280 traditur
3176 3245 3191 3281 t

758 3331 785 3355 a
810 3312 1041 3377 Maioris
1080 3311 1260 3363 nostri
1303 3310 1629 3376 praesentia
1672 3311 1728 3361 te
1775 3307 2019 3376 amplius
2065 3323 2179 3360 non
2236 3323 2537 3375 possumus
2588 3311 2897 3364 defendere
2952 3324 3058 3365 nec
3105 3313 3194 3364 tui

759 3395 1013 3447 custodia
1033 3393 1381 3461 praevalere.
1412 3417 1436 3437 ··

1290 3554 1559 3609 willelmi
1593 3552 1890 3607 chronicon
1927 3552 2189 3607 monachi
2223 3561 2272 3607 et
2299 3557 2690 3622 procuratoris
2732 3554 3098 3623 Eymondani,
3127 3556 3201 3609 ab

1342 3653 1492 3690 anno
1516 3651 1603 3689 nc,
1625 3650 1793 3689 nvn.
1812 3652 1985 3705 usquc
2009 3636 2087 3688 ad
2104 3652 2320 3689 annum
2343 3651 2446 3690 010.
2468 3652 2583 3690 occ,
2606 3651 2799 3700 xxxm,
2820 3638 2894 3702 bij
2917 3639 3202 3690 Antonius

1346 3720 1684 3779 MatthaeuS,
1712 3719 1995 3783 Analecta,
2019 3719 2100 3771 2⁶⁶
2123 3720 2360 3786 uitgaat,
2383 3720 2510 3773 deel
2535 3719 2589 3773 11
2615 3718 2807 3787 (1738),
2827 3719 2934 3771 blz.
2953 3718 3198 3773 589-591.

1817 3973 1871 4039 e
1920 3964 2144 4058 (177⁶).

872 4212 1084 4279 1323,
1121 4203 1303 4282 «Ῑιιῑί,
1362 4202 1726 4289 Valenczjjn
1761 4224 1850 4271 en
1883 4204 2279 4289 Kamerzjk.
2319 4207 2800 4287 Aanteekening
2831 4210 3211 4289 aangaande

765 4306 878 4368 het
924 4304 1285 4369 onderzoek
1341 4321 1468 4367 van
1516 4305 1637 4367 den
1686 4307 1794 4369 abt
1851 4322 1978 4368 van
2035 4307 2316 4385 Vicogne
2374 4322 2527 4369 over
2583 4307 2662 4369 de
2717 4308 3020 4387 Begijnen
3077 4325 3211 4372 van

768 4404 1120 4483 ValenciJn,
1134 4404 1412 4467 alsmede
1437 4405 1808 4483 aangaande
1831 4405 1941 4467 het
1965 4404 2324 4468 onderzoek
2350 4422 2502 4468 over
2527 4405 2627 4467 die
2636 4422 2764 4468 van
2786 4409 3208 4486 Antwerpen,

773 4503 1028 4567 Brussel
1064 4520 1143 4565 en
1177 4503 1410 4565 andere
1442 4504 1730 4582 plaatsen
1763 4522 1888 4567 van
1931 4503 2329 4567 Vlaanderen
2363 4522 2443 4566 en
2475 4505 2780 4582 Brabant,
2823 4507 3110 4587 (gelegen
3141 4509 3215 4569 in

775 4601 885 4665 het
907 4602 1241 4682 geestelijk
1263 4602 1486 4681 gebied
1518 4619 1643 4665 van
1676 4605 1796 4666 den
1830 4603 2125 4682 bisschop
2159 4620 2285 4666 van
2319 4604 2696 4682 Kamerijk).
