3526 5522
821 579 916 632 136
1837 576 2044 631 ANNO
2081 577 2208 628 1483

809 744 1074 807 Chenier,
1097 744 1422 811 gardianus,
1449 743 1710 796 Matheus
1735 742 1963 805 Clerici,
1991 743 2197 796 Petrus
2221 742 2278 795 le
2302 742 2543 806 Poittre,
2566 743 2813 795 vicarius
2837 744 3145 806 conventus,
3165 746 3211 796 et

805 827 1128 882 Willelmus
1163 827 1379 886 Fievet‚
1417 828 1596 880 eciam
1630 828 1840 879 iratres
1872 827 2123 880 minores
2159 826 2375 877 ordinis
2411 826 2592 878 sancti
2622 826 2913 879 Francisci
2936 827 2995 878 in
3016 827 3212 878 civitate

806 910 1168 970 Tornacensi,
1206 910 1266 961 in
1302 922 1527 962 camera
1558 910 1755 962 tratris
1789 909 1825 962 J
1830 909 2070 961 ohannis
2106 908 2425 969 Malvoisni,
2462 909 2714 961 custodis
2749 909 2888 961 dicti
2920 911 3211 971 conventus,

804 994 1112 1048 existentes
1129 992 1451 1059 ibidemque
1468 1006 1573 1058 per
1590 992 1919 1046 eorumdem
1936 993 2228 1044 custodem
2247 992 2583 1059 congregati
2605 993 2842 1059 propter
2859 992 3210 1045 infirmitatem

803 1078 864 1130 et
900 1076 1155 1142 corporis
1192 1075 1544 1128 debilitatem
1584 1076 1840 1140 eJusdem
1883 1075 2154 1142 custodis,
2197 1074 2507 1141 capitulum
2549 1075 2827 1128 iacientes
2872 1077 2931 1128 et
2971 1076 3212 1135 tenentes,

803 1160 1030 1219 iterat0‚
1054 1160 1187 1224 post
1207 1157 1486 1211 lecturam
1508 1158 1709 1211 cedule
1731 1157 1994 1224 superius
2017 1156 2234 1211 Gallice
2259 1158 2542 1223 descripte
2568 1157 2895 1223 huiusmodi
2927 1159 3213 1210 contractus

805 1245 866 1295 et
887 1242 1386 1307 appunctuamenti
1419 1255 1523 1306 per
1555 1241 1854 1306 providum
1890 1242 1952 1293 et
1983 1241 2290 1293 discretum
2322 1241 2508 1293 virum
2541 1241 2880 1308 magistrum
2907 1240 3214 1307 Stephanum

805 1324 1072 1386 Emotis,
1095 1324 1514 1391 presbyterum,
1540 1324 1827 1376 notarium
1861 1324 1921 1377 et
1954 1324 2327 1377 secretarium
2360 1323 2642 1377 dictorum
2677 1324 3033 1376 dominorum
3062 1325 3210 1391 presi·

805 1409 993 1462 dentis
1016 1409 1076 1460 et
1098 1406 1332 1472 capituli
1367 1407 1517 1460 dicte
1551 1405 1792 1459 ecclesie
1827 1405 2206 1460 Tornacensis
2240 1408 2299 1459 in
2334 1408 2663 1460 eorumdem
2694 1408 2938 1459 fratrum
2969 1407 3215 1459 minorum

802 1493 864 1545 et
906 1491 1216 1543 conventus
1260 1490 1559 1555 presencia
1601 1489 1830 1549 iactam,
1880 1489 2207 1554 hujusmodi
2261 1489 2563 1542 mactatum
2610 1490 2670 1543 et
2721 1489 3076 1542 concordiam
3120 1490 3215 1542 sive

804 1574 1398 1641 appunctuamentum,
1443 1574 1615 1639 prout
1671 1572 1731 1624 in
1794 1572 1993 1624 eadem
2051 1571 2252 1625 cedula
2295 1571 2465 1624 latius
2509 1574 2780 1626 extiterat
2822 1586 3136 1638 expressum
3172 1574 3219 1624 et

807 1655 1176 1720 declaratum,
1201 1655 1576 1709 laudaverunt
1608 1656 1667 1708 et
1700 1654 2158 1720 approbaverunt
2189 1668 2256 1708 ac
2289 1656 2474 1708 ratum
2507 1656 2567 1708 et
2599 1656 2825 1724 gratum
2861 1656 3148 1708 tenuerunt
3173 1656 3220 1707 et

812 1739 1134 1792 habuerunt
1171 1738 1426 1803 illudque
1471 1739 1670 1792 tenere
1712 1738 1774 1790 et
1811 1738 2115 1791 observare
2156 1739 2337 1791 eciam
2375 1738 2778 1804 promiserunt,
2814 1739 3219 1802 eorumdemque

812 1821 1055 1887 quilibet
1089 1821 1341 1875 laudavit
1374 1824 1433 1875 et
1457 1821 1794 1888 approbavit
1826 1835 1892 1873 ac
1925 1822 2112 1874 ratum
2147 1823 2207 1873 et
2240 1823 2464 1889 gratum
2488 1821 2688 1874 habuit
2716 1822 2777 1874 et
2806 1820 3096 1874 observare
3115 1833 3220 1886 pro-

807 1904 985 1968 misit,
1009 1905 1071 1957 in
1106 1907 1377 1970 quantum
1413 1905 1567 1970 ipsos
1603 1905 1662 1958 et
1698 1918 1899 1957 eorum
1935 1902 2247 1968 quemlibet
2277 1904 2601 1969 huiusmodi
2624 1903 2927 1971 negocium
2948 1903 3121 1971 tangit
3138 1916 3220 1955 seu

810 1989 1049 2055 tangere
1083 1989 1273 2053 potest
1306 1990 1365 2040 et
1395 1987 1611 2053 poterit
1651 1986 2078 2052 quomodolibet
2111 1986 2171 2039 in
2205 1988 2486 2053 futurum;
2524 1988 2584 2039 et
2616 1987 2725 2039 hoc
2758 1987 2862 2040 sub
2898 1987 3013 2039 suis
3046 1986 3145 2039 flde
3174 1987 3220 2038 et

804 2071 1143 2136 iuramentis
1176 2070 1238 2122 in
1271 2070 1444 2123 verbo
1480 2069 1815 2135 sacerdocii,
1851 2070 2110 2123 manibus
2144 2070 2469 2135 pectoribus
2511 2070 2803 2135 appositis,
2830 2070 2891 2123 in
2931 2071 3221 2122 nostrorum

777 2151 1161 2206 'notariorum
1199 2152 1559 2220 publicorum
1604 2152 2055 2219 subscriptorum
2098 2154 2406 2219 propterea
2448 2151 2659 2205 ibidem
2703 2153 3136 2219 comparentium
3176 2152 3222 2204 et

813 2236 1180 2289 existentium
1213 2235 1526 2301 presencia,
1555 2236 1949 2302 stipulantium
1984 2236 2043 2289 et
2074 2235 2472 2302 recipientium
2504 2235 2628 2288 vice
2661 2235 2722 2288 et
2755 2236 2983 2289 nomine
3005 2234 3222 2287 omnium

815 2320 875 2372 et
907 2317 1263 2385 singulorum
1298 2318 1547 2380 illorum,
1575 2331 1816 2382 quorum
1838 2319 2082 2371 interest
2101 2317 2191 2371 vel
2215 2318 2481 2371 intererit
2502 2318 2563 2370 in
2584 2319 2857 2377 futurum,
2885 2316 3226 2384 corporaliter

812 2401 1068 2468 prestitis
1090 2401 1159 2453 ab
1185 2401 1400 2454 eisdem
1424 2403 1484 2454 et
1507 2414 1704 2454 eorum
1729 2401 2004 2465 quolibet,
2032 2401 2291 2453 omnibus
2316 2402 2374 2454 et
2397 2400 2637 2467 singulis
2659 2401 2964 2461 francisiis‚
2984 2399 3226 2453 libertati-

813 2485 939 2543 bus,
962 2484 1305 2551 privileg-HS,
1332 2484 1837 2537 consuetudinibus
1872 2485 1931 2536 et
1964 2484 2314 2544 coustumiis,
2341 2484 2545 2548 quibus
2579 2497 2640 2536 se
2674 2497 2905 2536 servare
2938 2482 3155 2551 possent
3181 2482 3228 2533 et

811 2567 1043 2627 vellent,
1086 2565 1413 2633 specialiter
1455 2580 1725 2633 expresse
1763 2566 2247 2620 renunciantibus.
2293 2567 2379 2619 De
2418 2567 2478 2619 et
2514 2579 2686 2632 super
2726 2566 2931 2631 quibus
2970 2564 3227 2632 premissis

811 2650 1071 2704 omnibus
1105 2651 1165 2703 et
1197 2646 1439 2717 singulis
1474 2651 1876 2716 superscriptis
1899 2651 2155 2715 prefatus
2177 2649 2452 2715 magister
2487 2648 2804 2714 Stephanus
2827 2649 3071 2701 Ermetis
3091 2659 3227 2712 supe-

813 2734 933 2787 rius
958 2733 1298 2796 nominatus,
1327 2733 1553 2787 nomine
1578 2733 1860 2786 dictorum
1884 2733 2241 2786 dominorum
2262 2731 2606 2798 presidentis
2630 2732 2690 2785 et
2712 2731 2949 2797 capituli
2971 2732 3029 2785 et
3047 2744 3141 2796 pro
3162 2729 3227 2782 eis

812 2818 931 2869 suis
965 2817 1274 2884 magistris,
1298 2816 1468 2882 petiit
1500 2830 1535 2868 a
1569 2817 1751 2879 nobis,
1779 2817 2017 2869 notariis
2049 2815 2293 2882 publicis
2326 2815 2683 2881 subscriptis,
2706 2815 2815 2867 sibi
2851 2816 2911 2868 et
2944 2815 3103 2867 dictis
3131 2812 3227 2865 suis

813 2898 1102 2966 magistris
1141 2899 1269 2951 fieri
1309 2901 1479 2963 atque
1518 2899 1670 2951 tradi
1708 2899 1994 2965 publicum
2034 2900 2474 2952 instrumentum
2516 2911 2690 2950 unum
2734 2896 2824 2950 vel
2868 2897 3053 2963 plura,
3091 2894 3226 2948 dictis

814 2981 1090 3034 fratribus
1109 2981 1425 3034 minoribus
1449 2982 1521 3034 ad
1544 2980 1653 3033 hoc
1677 2983 2184 3035 consentientibus.

881 3064 1026 3117 Acta
1057 3064 1290 3116 ruerunt
1323 3064 1430 3116 hec
1465 3063 1711 3116 Tornaci
1745 3065 1807 3116 in
1841 3066 2168 3117 nostrorum
2204 3065 2556 3117 notariorum
2588 3063 2947 3129 publicorum
2982 3060 3225 3126 subscrip·

817 3148 1006 3199 torum
1041 3147 1110 3198 ad
1144 3147 1422 3211 premissa
1453 3148 1761 3213 propterea
1793 3149 2120 3199 vocatorum
2156 3146 2483 3213 specialiter
2513 3148 2571 3199 et
2592 3148 2927 3213 rogatorum
2951 3143 3226 3212 presencia.

817 3229 876 3281 in
923 3228 1063 3280 locis
1108 3229 1459 3295 prescriptis,
1507 3243 1679 3289 ann0‚
1732 3229 2072 3291 indictione,
2117 3243 2334 3295 mense,
2380 3230 2472 3282 die
2517 3230 2576 3282 et
2621 3229 2778 3281 horis
2824 3243 2891 3281 ac
2933 3227 3226 3295 pontificatu

817 3311 1174 3375 prescriptis.

884 3441 958 3495 Et
981 3441 1114 3505 quia
1131 3455 1259 3509 eg0,
1286 3441 1630 3495 Guillermus
1649 3442 1935 3503 Griaume‚
1958 3443 2201 3497 clericus
2224 3443 2705 3509 Rothomagensis
2725 3443 2990 3508 diocesiS‚
3008 3439 3229 3508 publicus

823 3522 1133 3591 apostolica
1167 3525 1502 3578 auctoritate
1537 3525 1993 3592 venerabilisque
2028 3528 2187 3579 curie
2222 3525 2559 3592 episcopalis
2594 3524 2975 3577 Tornacensis
3017 3522 3229 3576 notarius

819 3608 1062 3675 iuratus,
1087 3608 1357 3673 predictis
1380 3609 1684 3661 concordie
1708 3610 1768 3662 et
1791 3610 2301 3675 appunctuamento
2327 3609 2647 3674 ceterisque
2681 3608 2976 3673 premissis
3010 3604 3228 3659 omnibus

822 3693 882 3743 et
915 3690 1175 3757 singulis,
1201 3691 1334 3742 dum
1369 3691 1537 3742 modo
1573 3693 1890 3757 prescripto
1926 3695 2254 3759 agerentur,
2281 3693 2609 3744 dicerentur
2643 3694 2701 3743 et
2734 3691 2959 3750 flerent,
2998 3703 3101 3742 una
3128 3696 3228 3737 cum

819 3771 855 3824 J
860 3772 1082 3825 ohanne
1108 3774 1177 3825 de
1199 3771 1416 3839 Gauley
1441 3771 1535 3840 (1),
1562 3775 1741 3827 eciam
1777 3773 1986 3827 clerico
2023 3774 2393 3838 Tornacensi‚
2416 3773 2643 3839 publico
2679 3773 2994 3838 apostolica
3015 3775 3069 3824 et
3085 3772 3230 3835 impe·

818 3854 952 3907 riali
986 3856 1417 3908 auctoritatibus
1452 3857 1511 3908 et
1545 3857 1695 3909 dicte
1730 3858 1889 3909 curie
1922 3856 2260 3923 episcopalis
2286 3856 2662 3909 Tornacensis
2686 3856 2910 3912 notario
2931 3856 3111 3921 iurato
3131 3850 3231 3904 snb⁴

821 3938 1054 4004 scripto.
1096 3952 1330 4004 presens
1374 3939 1615 3991 intertui
1656 3953 1721 3991 ac
1761 3940 1953 3992 notam
2001 3940 2215 4005 sumpsi
2259 3940 2475 4006 pariter
2522 3941 2581 3992 et
2623 3939 2836 4003 recepi,
2879 3939 3083 3990 idcirco
3125 3932 3230 3986 huie

820 4019 1050 4087 publico
1085 4022 1337 4086 presenti
1372 4021 1750 4075 instrumento
1785 4022 1991 4075 exinde
2015 4022 2292 4080 coniecto,
2319 4036 2491 4074 manu
2512 4021 2747 4088 propria
2768 4020 3013 4074 fideliter
3032 4016 3231 4082 scripto,

823 4104 1051 4170 signum
1073 4118 1262 4156 meum
1285 4103 1518 4156 solitum
1541 4107 1600 4157 et
1621 4107 1956 4158 consuetum
1980 4104 2093 4166 hic,
2115 4119 2204 4158 me
2223 4105 2421 4157 eadem
2439 4118 2608 4156 manu
2630 4105 2867 4170 propria
2884 4098 3231 4156 subscribente

826 4199 1070 4240 unacum
1102 4187 1268 4253 signo
1303 4188 1363 4240 et
1395 4187 1812 4253 subscriptione
1845 4189 2055 4254 prefati
2090 4188 2320 4250 notarii,
2357 4189 2595 4253 apposui
2633 4187 2694 4239 in
2736 4186 2907 4239 fidem
2941 4186 2997 4239 et
3026 4181 3232 4236 validius

826 4268 1214 4322 testimonium
1259 4270 1511 4322 omnium
1555 4271 1614 4323 et
1652 4270 2010 4339 singulorum
2044 4271 2470 4338 premissorum,
2507 4282 2680 4336 super
2722 4269 2833 4321 boc
2869 4267 3158 4333 requisitus
3188 4260 3235 4312 et

830 4351 1081 4419 rogatus.

2734 4418 3005 4473 Gamm-

841 4565 3232 4600 md

902 4702 976 4766 (1)
1011 4699 1085 4754 or
1109 4699 1346 4769 Ganzey.
