3526 5522
1368 638 1579 692 ANNO
1622 637 1747 688 1374
2730 631 2796 682 41

309 809 549 876 juvenis
594 806 949 874 capellanus,
992 805 1140 858 dixit
1181 804 1259 868 ei,
1301 805 1455 869 quod
1494 803 1714 855 diceret
1765 802 1938 854 Pater
1969 805 2176 853 noster.
2218 800 2329 859 Qui
2365 799 2551 851 noluit
2582 798 2794 850 dicere.

317 913 346 935 ι
372 892 503 951 Dic,
531 913 559 937 a
584 890 796 954 inquit,
824 908 849 931 κ
880 886 1072 941 Oredo.
1103 909 1129 933 π
1153 911 1223 926 -—
1246 907 1272 929 a
1299 885 1506 951 Credo,
1532 908 1558 930 n
1585 885 1667 936 ait
1690 883 1811 946 ille,
1839 902 1863 926 u
1892 884 1950 933 in
1979 881 2289 934 diabolum.
2319 903 2345 927 π
2371 882 2460 932 Ad
2484 882 2592 933 hec
2613 881 2796 932 iratus

315 973 659 1039 capellanus
691 971 924 1036 juravit,
964 971 1201 1022 dicens:
1249 989 1274 1010 κ
1302 969 1363 1021 si
1403 968 1695 1025 haberem,
1739 978 2004 1028 nequam,
2049 963 2254 1016 stolam
2297 965 2369 1016 et‘
2394 963 2794 1024 exorcismum,

314 1068 433 1121 ego
482 1055 819 1118 adjurarem
864 1065 1013 1104 eum.
1043 1075 1069 1097 n
1119 1051 1228 1101 Vix
1272 1050 1503 1115 poterat
1558 1048 1745 1100 teneri
1804 1061 1840 1097 a
1892 1046 2191 1111 pluribus3
2251 1046 2353 1097 sed
2410 1045 2585 1097 allato
2644 1044 2794 1095 libro

312 1136 614 1203 baptismi,
662 1135 761 1187 ubi
806 1135 867 1185 in
911 1133 1197 1199 principio
1243 1132 1494 1196 scriptus
1540 1132 1630 1181 est
1674 1129 2049 1187 exorcismus,
2104 1131 2163 1179 et
2224 1126 2393 1186 stola.
2450 1127 2607 1191 cepit
2663 1140 2795 1177 eum

312 1218 656 1284 capellanus
690 1217 977 1281 adjurare.
1020 1214 1143 1275 Quo
1186 1213 1449 1278 adjurato
1492 1210 1872 1275 aliquantulo,
1908 1210 2056 1261 dixit
2091 1209 2192 1261 ille
2233 1208 2472 1260 scolaris
2511 1229 2524 1257 ε
2565 1227 2591 1251 ιι
2619 1207 2791 1272 Ecce,

314 1313 570 1365 nequam
611 1298 835 1351 recedit
875 1310 1005 1348 cum
1050 1308 1229 1361 parva
1274 1297 1411 1361 toga
1459 1296 1519 1345 et
1560 1292 1770 1344 calceis
1803 1292 2091 1343 rostratis.
2116 1318 2183 1329 —
2218 1291 2325 1342 Dic
2359 1293 2514 1348 tunc,
2542 1312 2569 1335 n
2604 1290 2794 1352 inquit

318 1381 680 1447 capellanus,
719 1400 745 1423 c·
776 1378 953 1431 oredo
995 1380 1054 1430 et
1098 1376 1273 1430 Pater
1303 1382 1520 1439 nostem
1550 1397 1576 1420 υ
1615 1376 1712 1439 qui
1755 1375 2063 1437 utrumque
2105 1374 2361 1439 perfecte
2403 1373 2567 1432 dixit,
2611 1373 2670 1422 et
2713 1371 2796 1422 sic

321 1465 555 1529 primus
576 1462 690 1514 tuit
712 1461 822 1512 hoc
844 1461 1013 1512 modo
1038 1461 1288 1510 curatus.

393 1545 510 1597 Sed
544 1543 754 1596 cotidie
788 1541 1321 1606 multiplicabantur
1354 1538 1566 1603 ubique
1601 1540 1678 1596 et,
1705 1538 1935 1590 nudatis
1971 1537 2275 1601 capitibus,
2313 1537 2621 1602 portabant
2642 1538 2801 1588 serta

321 1628 576 1692 quedam
599 1638 775 1690 super
798 1625 987 1688 capita
1008 1637 1133 1685 sua,
1159 1622 1539 1684 dicebantque
1564 1620 1755 1684 sepius
1781 1618 2043 1671 saltando
2071 1633 2085 1670 :
2127 1618 2305 1671 Frilis
2324 1618 2418 1686 (1).
2447 1618 2521 1669 Et
2543 1619 2705 1670 ibant
2727 1620 2798 1671 ad

318 1708 605 1762 ecclesias
629 1709 763 1759 ante
799 1705 1000 1757 altaria
1035 1707 1096 1756 et
1129 1704 1448 1770 ymagines,
1475 1701 1805 1766 specialiter
1839 1703 2035 1753 sancte
2061 1701 2265 1763 Marie,
2289 1703 2348 1752 et
2381 1700 2699 1752 dansabant
2732 1715 2797 1752 ac

320 1790 619 1843 saltabant
633 1789 735 1840 ibi.
764 1787 996 1841 Obsessi
1020 1786 1189 1838 erant
1222 1799 1257 1837 a
1291 1784 1649 1842 demonibus,
1687 1785 1748 1835 et
1782 1784 2009 1846 quando
2045 1783 2284 1847 spiritus
2319 1783 2704 1834 descendebat
2736 1784 2796 1833 in

321 1885 506 1925 crura
544 1883 764 1933 eorum,
807 1882 920 1921 non
953 1869 1225 1932 poterant
1256 1865 1554 1918 continere
1588 1879 1624 1917 a
1658 1864 1996 1916 dansatione
2031 1867 2091 1916 et
2125 1863 2303 1929 saltu;
2339 1865 2568 1929 quando
2604 1866 2796 1916 autem

320 1951 678 2007 ascendebat
710 1952 770 2002 in
805 1963 1045 2015 parvum
1090 1950 1372 2014 ventrem,
1408 1949 1544 1999 tunc
1578 1947 1998 2011 torquebantur
2040 1947 2200 2006 dure,
2244 1947 2303 1997 et
2339 1946 2471 1998 ideo
2512 1945 2800 1997 habebant

323 2034 546 2088 tuellas
583 2035 643 2085 et
678 2045 887 2097 parvos
921 2029 1175 2090 baculos,
1216 2030 1369 2081 unde
1403 2029 1766 2094 stringebant
1800 2041 1863 2079 se
1897 2028 2054 2078 circa
2086 2026 2419 2079 umbilicum
2452 2027 2703 2086 fortiter,
2740 2029 2802 2078 et

325 2114 645 2168 trudebant
688 2111 779 2164 vel
823 2112 1115 2163 faciebant
1158 2124 1222 2162 se
1268 2111 1423 2161 trudi
1467 2110 1678 2175 pugnis
1728 2110 1787 2159 in
1836 2110 2037 2159 ventre
2076 2122 2274 2172 parvo,
2320 2110 2380 2159 et
2418 2108 2500 2159 sic
2542 2109 2804 2160 cessabat

325 2197 504 2250 dolor
527 2209 728 2248 eorum
750 2192 1168 2257 aliquantulum
1190 2192 1688 2256 projiciebantque
1711 2205 1747 2242 a
1771 2189 1946 2256 longe
1980 2189 2217 2242 baculos
2252 2204 2387 2241 suos
2422 2193 2483 2242 et
2514 2190 2804 2242 habebant

324 2277 657 2333 terribilem
680 2278 995 2341 aspectum.
1020 2275 1087 2327 In
1113 2273 1419 2339 principio,
1445 2273 1673 2337 quando
1690 2273 1963 2324 videbant
1985 2271 2236 2336 aliquam
2258 2285 2563 2337 personam
2587 2273 2801 2324 haben-

323 2363 453 2413 tem
470 2360 687 2410 vestem
710 2358 968 2421 rubeam,
992 2355 1265 2407 volebant
1285 2366 1413 2405 eam
1438 2353 1718 2405 dilaniare
1741 2352 1833 2405 vel
1851 2353 2175 2411 verberare,
2204 2355 2264 2404 et
2285 2354 2510 2416 quando
2535 2353 2805 2404 videbant

326 2443 591 2494 rostrum
631 2439 941 2491 habentem
977 2438 1040 2488 in
1088 2436 1297 2488 calceis
1341 2436 1481 2494 suis,
1530 2436 1851 2499 querebant
1892 2436 2189 2498 scindere;
2231 2448 2440 2508 ymmo,
2484 2435 2634 2498 quod
2675 2433 2838 2498 plus,

328 2525 449 2585 est,
472 2521 705 2585 quidam
728 2533 945 2575 eorum.
968 2519 1224 2571 existens
1246 2519 1307 2569 in
1331 2516 1575 2569 ecclesia
1598 2518 1807 2581 maJ'ori
1831 2518 2048 2573 Leodii.
2071 2518 2214 2569 vidit
2236 2518 2294 2568 in
2320 2519 2525 2582 spiritu
2549 2517 2803 2583 maligno

332 2607 399 2658 et
443 2602 733 2670 presensit
775 2601 1077 2666 quemdam
1121 2600 1429 2653 habentem
1480 2598 1706 2651 calceos
1750 2601 2052 2661 rostratos,
2100 2601 2404 2663 antequam
2451 2599 2804 2652 ascendisset

332 2687 558 2755 melus
594 2685 853 2749 ejusdem
891 2682 1157 2743 ecclesie,
1205 2683 1267 2733 et
1310 2681 1562 2733 occurrit
1601 2681 1656 2733 ei
1694 2681 1936 2732 intranti
1977 2680 2277 2733 ecclesiam
2319 2682 2391 2733 ad
2428 2681 2802 2733 scindendum

328 2770 535 2822 rostra
565 2780 688 2819 sua.
729 2768 974 2832 Propter
1006 2766 1117 2817 hoc
1155 2765 1269 2816 tuit
1301 2764 1655 2829 prohibitum
1690 2763 1894 2817 Leodii
1928 2765 1987 2815 in
2021 2765 2343 2816 ministerio
2379 2766 2636 2816 sutorum
2673 2765 2803 2816 fieri

338 2849 571 2904 calceos
592 2862 724 2900 cum
744 2848 971 2900 rostris.

408 2933 539 2985 Uno
594 2943 791 2992 mane,
849 2930 982 2982 ante
1037 2928 1250 2981 testum
1307 2927 1576 2981 Omnium
1633 2927 2007 2994 Sanctorum,
2068 2930 2307 2981 fuerunt
2367 2927 2534 2981 multi
2599 2943 2801 2981 eorum

332 3014 683 3081 congregati
727 3012 880 3077 apud
929 3009 1308 3063 Harstallium
1352 3011 1550 3074 ibique
1596 3009 1925 3062 habuerunt
1981 3010 2096 3062 tale
2152 3010 2457 3062 consilium
2512 3012 2667 3063 inter
2722 3026 2805 3073 se,

330 3096 492 3162 quod
526 3096 586 3146 in
622 3095 717 3146 die
750 3093 1017 3147 Omnium
1053 3091 1393 3144 Sanctorum
1425 3093 1693 3143 venirent
1715 3105 1913 3144 omnes
1938 3094 2156 3157 pariter
2181 3093 2252 3144 ad
2275 3092 2576 3145 ecclesiam
2612 3094 2808 3146 Sancti

330 3177 633 3232 Lamberti
666 3174 1005 3227 Leodiensis
1038 3175 1099 3225 et
1132 3173 1462 3225 occiderent
1496 3187 1694 3225 omnes
1728 3175 2055 3233 canonicos,
2080 3175 2435 3240 presbiteros
2459 3177 2517 3227 et
2541 3175 2804 3236 clericos,

330 3258 893 3323 confringerentque
933 3255 1142 3312 omnia,
1186 3268 1297 3317 que
1337 3255 1696 3316 invenirent3
1739 3256 1841 3306 sed
1884 3256 2038 3306 Deus
2079 3255 2250 3307 alitor
2294 3257 2596 3321 disposuit.
2640 3258 2809 3322 Nam,

328 3354 467 3393 cum
503 3339 735 3403 quidam
768 3336 1119 3401 capellanus,
1145 3350 1335 3401 ymmo
1370 3337 1679 3387 canonicus
1703 3350 1900 3388 mense
1925 3338 2159 3402 majoris
2183 3337 2426 3390 ecclesie
2451 3339 2805 3402 Leodiensis,

328 3423 435 3487 qui
469 3420 771 3472 dicebatur
803 3419 1082 3484 magister
1118 3418 1330 3483 Symon
1365 3419 1575 3480 Loues‚
1611 3420 1743 3482 post
1777 3420 2085 3470 matutinas
2127 3421 2260 3471 ante
2293 3422 2504 3472 testum
2540 3420 2807 3474 Omnium

333 3504 683 3557 Sanctorum
716 3513 877 3553 more
914 3499 1085 3550 solito
1122 3500 1398 3552 intrasset
1430 3498 1710 3564 capellam
1744 3502 1943 3551 nostre
1967 3500 2212 3553 Domine
2247 3503 2305 3553 in
2341 3501 2592 3554 claustro
2618 3502 2813 3556 Sancti

330 3583 639 3639 Lamberti
674 3582 746 3633 ad
779 3581 1144 3633 salutandum
1177 3581 1406 3633 beatam
1439 3581 1726 3647 virginem
1760 3581 2003 3633 Mariam
2038 3584 2098 3634 et
2133 3583 2430 3645 orandum,
2456 3597 2590 3636 ecce
2613 3584 2812 3649 plures

334 3667 679 3719 dansatores
719 3664 1084 3715 intraverunt
1117 3663 1378 3715 eamdem
1412 3662 1691 3726 capellam
1727 3664 2034 3715 dansantes
2070 3666 2128 3716 et
2164 3664 2439 3717 saltantes
2472 3666 2598 3718 tere
2633 3682 2814 3731 usque

332 3761 517 3813 super
551 3746 761 3808 altare3
799 3759 912 3809 quo
946 3745 1092 3804 viso,
1129 3743 1461 3809 capellanus
1497 3744 1600 3796 ille
1634 3745 1866 3809 expavit
1900 3746 2001 3804 ita,
2040 3748 2192 3809 quod
2233 3746 2430 3811 capilli
2473 3749 2650 3812 capiti
2691 3750 2816 3814 ejus

332 3830 780 3887 inhorruerunt,
845 3840 907 3878 se
964 3825 1220 3880 levantes
1277 3827 1431 3890 quod
1486 3828 1772 3879 sentirent
1827 3828 2178 3891 presentiam
2225 3830 2503 3890 demonis,
2552 3831 2813 3895 dixitque

332 3910 573 3964 mulieri
613 3909 964 3961 custodienti
1002 3907 1324 3973 capellam:
1373 3930 1397 3950 ι·
1425 3908 1741 3961 Habetisne
1783 3909 2033 3973 aliquam
2074 3910 2312 3962 stolam?
2337 3934 2363 3957 η
2408 3913 2513 3964 Cui
2552 3911 2656 3964 illa
2694 3928 2812 3965 res-

329 3993 544 4059 pondit
568 4013 584 4043 2
623 4011 650 4033 ·
678 3990 898 4043 Habeo·
927 4012 955 4036 a
975 4017 1043 4028 -
1077 4010 1103 4033 c·
1131 3991 1314 4051 Detis,
1342 4014 1368 4034 ι·
1394 3991 1494 4050 ait,
1524 4010 1550 4032 ι·
1575 3990 1770 4042 michi.
1801 4013 1828 4037 n
1854 3992 2274 4057 Accipiensque
2295 3992 2504 4045 stolam
2526 3995 2674 4046 dixit
2700 3994 2812 4059 illi,

333 4075 439 4139 qui
468 4073 774 4125 videbatur
808 4085 936 4125 esse
971 4072 1309 4137 principalis
1343 4073 1499 4124 inter
1533 4072 1667 4123 illos
1702 4073 2038 4126 dansatores
2066 4089 2080 4124 ε
2127 4096 2152 4116 ·
2179 4075 2469 4134 Accedite,
2515 4077 2813 4142 magister,

335 4170 443 4208 vos
481 4154 844 4207 laetabimini
889 4156 1093 4207 contra
1128 4155 1435 4208 fortiorem
1477 4154 1660 4206 vobis.
1690 4177 1717 4199 ·
1767 4154 1890 4206 Hec
1948 4156 2162 4218 dicens,
2214 4158 2463 4223 projecit
2506 4157 2714 4210 stolam
2758 4159 2819 4210 in

336 4235 557 4288 collum
593 4236 720 4300 ejus
755 4236 815 4286 et
847 4235 1002 4299 cepit
1033 4234 1234 4302 legere
1270 4235 1651 4302 Evangelium
1683 4236 1871 4287 sancti
1903 4235 2185 4289 Jobannis
2225 4254 2240 4290 ε
2277 4237 2350 4290 In
2374 4240 2665 4306 principio
2698 4247 2821 4292 orat

348 4316 616 4379 Ver-hm,
652 4318 766 4368 etc.
803 4329 978 4380 super
1019 4319 1192 4383 caput
1226 4318 1353 4383 ejus
1365 4333 1381 4383 ς
1417 4318 1569 4382 quod
1606 4316 1708 4370 ille
1742 4318 1983 4382 pacifice
2017 4320 2241 4384 accepit
2275 4323 2335 4373 et
2367 4322 2605 4386 audivit,
2646 4324 2706 4374 et
2738 4321 2821 4372 sic

405 4638 485 4704 (1)
520 4635 1001 4702 Waarschiinlijk
1024 4652 1165 4689 voor
1191 4637 1437 4693 F'riskes.
1466 4639 1584 4704 (Zie
1611 4638 1823 4707 Corpus
1845 4639 1893 4702 1,
1921 4639 2027 4691 blz.
2054 4640 2193 4704 232.)
