3526 5522
757 604 824 656 22
1718 605 1876 658 ANN
1885 605 1929 657 O
1969 605 2254 656 1349-1350

762 777 1047 858 gevende
1097 777 1220 839 den
1269 777 1512 840 inhoud
1561 794 1688 840 van
1737 778 1862 840 den
1894 778 2087 854 61161,
2129 778 2275 841 (1166
2326 778 2404 840 (16
2437 779 2808 841 (1666616616
2841 779 3197 843 beweerden

762 877 899 938 hun
922 892 1051 937 van
1078 876 1215 938 God
1241 876 1405 938 door
1431 894 1630 940 eenen
1657 877 1843 954 engel
1871 876 2199 955 gezonden
2225 880 2290 938 te
2314 877 2442 955 zijn
2467 894 2547 939 en
2573 877 2720 939 dien
2743 877 2822 939 de
2848 878 3198 940 Geeselaars

764 990 893 1036 van
918 974 1249 1036 Mechelen
1275 992 1395 1036 aan
1424 975 1547 1036 den
1570 975 1871 1052 bisschop
1895 991 2023 1037 van
2049 974 2384 1052 Kamerijk
2408 975 2950 1053 overhandigden.
2990 1009 3070 1020 -
3099 977 3200 1035 Die

765 1072 929 1134 briei
952 1089 1116 1147 1166,
1149 1088 1314 1134 11661
1344 1073 1480 1135 11116
1511 1089 1777 1151 263366,
1821 1073 1983 1136 (1661
2009 1074 2148 1136 God
2183 1073 2609 1151 eigenhandig
2641 1090 2724 1151 op
2758 1090 2912 1135 eene
2959 1077 3199 1135 steenen

766 1170 923 1232 tasel
960 1171 1222 1249 3631111,
1264 1171 1366 1233 (116
1399 1171 1532 1233 11116
1566 1170 1731 1234 door
1763 1187 1964 1234 eenen
1996 1173 2182 1250 66361
2210 1188 2293 1249 66
2319 1170 2432 1233 1161
2457 1173 2669 1233 611661
2693 1187 2819 1232 van
2844 1174 2940 1232 St.
2973 1173 3202 1233 Pieters

764 1271 831 1329 te
881 1270 1242 1330 Jerusalem
1293 1269 1474 1330 werd
1508 1269 1843 1346 gebracht,
1885 1270 1952 1330 in
1986 1268 2100 1331 het
2139 1269 2357 1347 bijziJn
2389 1285 2517 1331 van
2552 1269 2676 1330 den
2706 1268 3035 1346 patriarch
3070 1275 3202 1345 (van

764 1366 1174 1443 Jerusalem).
1236 1367 1338 1445 Hij
1392 1366 1647 1429 bevatte
1697 1367 1776 1429 de
1831 1366 2208 1446 verklaring
2269 1384 2392 1429 van
2452 1366 2530 1428 de
2587 1383 2878 1444 rampen,
2955 1367 3054 1428 die
3108 1367 3205 1427 het

764 1464 1180 1526 menschdom
1214 1464 1458 1527 zouden
1493 1467 1825 1540 teisteren‚
1868 1481 1948 1527 en
1983 1465 2061 1527 de
2112 1464 2613 1540 voorschrflten,
2671 1465 2772 1525 die
2820 1481 2969 1526 men
3017 1465 3206 1526 1116661

764 1562 1061 1634 11616166,
1103 1578 1211 1624 6111
1243 1563 1386 1624 21611
1427 1565 1560 1625 met
1593 1563 1731 1626 God
1757 1564 1825 1624 te
1849 1580 2230 1638 verzoenen‚
2264 1565 2447 1624 want
2473 1563 2611 1625 God
2637 1579 2776 1625 was
2800 1578 3208 1625 voornemens

764 1671 1051 1737 geweest
1083 1676 1168 1738 op
1211 1662 1292 1722 10
1325 1662 1722 1738 September,
1765 1661 1973 1738 zijnde
2006 1661 2130 1724 den
2156 1660 2416 1739 Zondag
2441 1678 2529 1722 na
2553 1662 3068 1739 Mariageboorte
3095 1659 3199 1738 (1),

763 1758 841 1819 (16
865 1758 1108 1819 wereld
1142 1762 1207 1819 tc
1242 1758 1407 1821 doen
1439 1776 1749 1837 vergaan,
1793 1775 1978 1821 maar
2009 1759 2138 1821 had
2174 1759 2318 1820 zich
2345 1758 2507 1821 door
2533 1758 2644 1820 1161
2669 1759 2970 1837 3661116611
2992 1776 3118 1821 van
3140 1758 3206 1818 (16

764 1858 847 1916 H.
882 1856 1117 1935 Maagd
1143 1873 1224 1917 en
1248 1873 1376 1918 van
1402 1856 1480 1918 de
1513 1857 1786 1935 6636166
1812 1857 1988 1919 16166
2012 1873 2446 1919 vermurwen.

823 2043 898 2096 Et
921 2044 1156 2096 s'ensuit
1178 2043 1234 2097 16
1256 2045 1461 2096 teneur
1485 2045 1554 2095 de
1580 2044 1708 2096 leur
1730 2044 1903 2103 table,
1931 2045 2029 2108 qui
2053 2044 2301 2096 disoient
2324 2058 2434 2108 que
2453 2044 2599 2096 Dieu
2619 2043 2747 2095 leur
2769 2006 2924 2095 avoit
2946 2044 3204 2107 envoyee.

763 2127 1010 2191 escripte
1034 2127 1106 2180 de
1129 2141 1193 2179 sa
1211 2140 1423 2191 propre
1447 2126 1620 2189 main,
1646 2130 1707 2178 et
1729 2127 1870 2177 dont
1892 2126 1949 2177 la
1971 2128 2175 2178 teneur
2197 2125 2435 2178 s’ensuit
2460 2141 2474 2177 ε

756 2288 859 2342 Isti
895 2296 1023 2342 sunt
1061 2289 1287 2343 articuli
1317 2292 1550 2345 extracti
1579 2306 1651 2343 em
1684 2290 1888 2349 littera,
1929 2306 2100 2359 quam
2134 2288 2326 2342 dicunt
2361 2288 2768 2357 Flaqellatores
2799 2290 2907 2342 eibi
2937 2290 3203 2354 missaha]

821 2387 859 2424 α
896 2370 1008 2425 Deo
1036 2387 1143 2440 per
1176 2372 1462 2440 anyelum,
1488 2388 1660 2440 quam
1694 2371 1937 2426 litteram
1959 2371 2317 2426 tradiderunt
2339 2370 2746 2439 flagellatores
2781 2370 2852 2425 de
2883 2369 3210 2425 Mackeum‘a

826 2454 1049 2507 domino
1081 2455 1330 2521 episcopo
1367 2457 1766 2508 cameracensi.

825 2582 985 2642 Quod
1020 2582 1175 2633 istud
1207 2582 1537 2633 mandatum
1563 2584 1652 2634 est
1682 2582 1865 2634 Jhesu
1902 2582 2115 2634 Christi
2150 2582 2387 2633 missum
2420 2595 2526 2647 per
2551 2580 2840 2648 angelum,
2867 2581 3139 2647 scriptum
3159 2580 3209 2630 in

759 2663 953 2717 tabula
974 2663 1220 2729 lapidea,
1241 2678 1410 2728 quam
1433 2665 1666 2716 tenebat
1684 2663 1925 2731 angelus
1943 2677 2116 2729 super
2135 2664 2317 2715 altare
2345 2664 2540 2716 Sancti
2558 2663 2723 2715 Petri
2756 2664 2816 2714 in
2849 2661 3209 2715 Iherusalem.

825 2746 991 2810 Item,
1028 2745 1100 2797 ad
1133 2746 1438 2798 adventum
1478 2745 1671 2812 angeli
1721 2760 1932 2812 magna
1971 2745 2202 2797 claritas
2245 2745 2475 2798 refulsit
2508 2747 2568 2798 61
2608 2744 2857 2811 6666166
2897 2748 3212 2811 stupescens

758 2828 967 2879 cecidit
988 2829 1048 2878 in
1069 2829 1284 2880 terram
1307 2840 1482 2891 611661
1507 2828 1676 2880 facies
1695 2843 1848 2887 suas,
1868 2829 2165 2881 clamando
2190 2827 2591 2896 Kyrieleyson!

824 2910 989 2969 Item,
1029 2910 1164 2972 quia
1202 2909 1505 2961 christiani
1545 2911 1604 2961 et
1637 2912 1888 2963 infantes
1925 2925 2038 2962 11611
2083 2911 2492 2975 ieJunaverunt
2528 2910 2590 2960 in
2636 2909 2729 2961 die
2766 2909 3031 2968 Veneris,
3074 2911 3212 2961 Deus

759 2991 1073 3042 substraxit
1104 2991 1174 3042 ab
1221 2990 1306 3042 eis
1345 2990 1616 3043 victualia
1654 2994 1714 3044 et
1752 2993 1935 3044 multa
1966 2993 2268 3051 beneficia,
2318 2994 2378 3044 et
2420 2992 2687 3057 promisit
2729 3005 2829 3044 eos
2863 2992 3130 3045 incedere
3161 2991 3210 3041 in

759 3071 968 3123 multas
992 3070 1401 3124 tribulaciones
1438 3074 1497 3124 et
1527 3074 1967 3137 persecuciones
2004 3073 2450 3126 sarracenorum
2482 3074 2541 3125 et
2564 3072 2829 3124 aliorum.

827 3153 991 3214 Item,
1012 3154 1249 3217 propter
1271 3155 1598 3218 supradicta
1618 3156 1879 3220 precepit
1901 3155 2232 3207 sarracenis
2255 3155 2525 3220 persequi
2542 3155 2888 3206 christianos
2906 3156 2966 3207 et
2979 3155 3211 3206 infantes

760 3237 821 3288 et
853 3234 1044 3286 clades
1076 3233 1295 3300 pluries
1331 3237 1567 3288 inmisit.

827 3317 991 3373 Item,
1013 3317 1166 3379 quod
1189 3317 1345 3369 Deus
1367 3318 1722 3384 cogitaverat
1741 3321 1981 3384 propter
2003 3320 2239 3384 peccata
2259 3317 2707 3370 christianorum
2732 3319 3029 3371 destruere
3047 3319 3212 3371 totum

763 3395 1042 3457 seculum,
1067 3398 1179 3449 nisi
1204 3400 1516 3452 dimisisset
1540 3402 1610 3451 ad
1633 3414 1837 3465 preces
1863 3401 2202 3467 angelorum
2222 3400 2652 3465 procidencium
2674 3400 2746 3452 ad
2768 3402 2946 3465 pedes
2969 3401 3095 3453 Dei.

829 3480 997 3540 Item,
1025 3480 1178 3543 quod
1211 3481 1376 3534 Iudei
1410 3482 1785 3535 celebrabunt
1819 3484 1969 3535 diem
2005 3483 2368 3534 dominicam.

830 3561 995 3625 Item,
1020 3563 1170 3624 quod
1192 3563 1345 3615 Deus
1367 3565 1629 3628 precepit
1642 3566 1908 3629 jejunare
1931 3579 2038 3631 per
2055 3566 2207 3617 diem
2230 3564 2471 3618 Veneris
2497 3566 2558 3617 et
2577 3564 2872 3617 observari
2896 3564 3217 3616 dominicam

767 3660 802 3698 6
819 3647 1061 3699 meridie
1086 3646 1202 3698 diei
1225 3645 1458 3698 Sabbati
1483 3660 1663 3710 usque
1686 3661 1855 3700 mane
1880 3648 1997 3700 diei
2025 3648 2241 3700 Lunae.

831 3729 996 3789 Item,
1025 3729 1178 3793 quod
1211 3729 1386 3787 Deus,
1410 3728 1471 3779 in
1507 3728 1703 3781 littera
1735 3730 2083 3794 supradicta,
2109 3731 2415 3796 episcopis,
2443 3730 2836 3783 sacerdotibus
2871 3735 2932 3785 et
2962 3730 3218 3783 tratribus

768 3811 1045 3875 precepit,
1073 3810 1225 3874 quod
1246 3811 1359 3876 ipsi
1384 3811 1719 3863 ordinarent
1742 3812 2014 3877 viagium,
2041 3813 2303 3865 sumendi
2326 3826 2576 3874 crucem,
2599 3813 2898 3877 jejunandi
2921 3816 2982 3866 et
3011 3809 3214 3865 orandi.

836 3891 1000 3956 Item,
1029 3892 1181 3956 quod
1204 3894 1358 3944 Deus
1382 3893 1738 3959 cogitaverat
1769 3893 2065 3946 destruere
2097 3895 2359 3959 quitquid
2390 3895 2530 3946 vivit
2561 3895 2622 3945 in
2646 3894 2754 3946 hoc
2778 3895 2992 3957 seculo,
3018 3893 3219 3946 decima

772 3973 865 4026 die
901 3973 1274 4039 Septembris,
1317 3974 1427 4025 hoc
1462 3975 1552 4026 est
1584 3975 1677 4027 die
1713 3974 1999 4027 dominica
2033 3978 2307 4041 sequente
2341 3977 2696 4028 nativitatem
2730 3978 2925 4029 sancte
2956 3974 3216 4043 virginis.

773 4056 926 4119 quod
960 4058 1020 4109 et
1051 4057 1267 4108 sactum
1302 4058 1474 4117 esset,
1512 4057 1625 4107 nisi
1659 4057 1814 4109 Deus
1846 4059 2152 4122 preventus
2185 4058 2393 4110 fuisset
2424 4058 2690 4123 precibus
2712 4057 2881 4111 beate
2905 4058 3085 4111 Marie
3104 4054 3216 4105 vir·

772 4138 924 4204 ginis
948 4139 1008 4189 et
1030 4138 1359 4189 sanctorum
1384 4138 1740 4204 angelorum.

834 4217 1006 4284 Item,
1030 4219 1182 4283 quod
1200 4219 1261 4270 in
1289 4220 1442 4271 dicto
1470 4220 1734 4272 mandato
1762 4220 1919 4272 Deus
1945 4219 2162 4285 Juravit
2186 4219 2271 4273 eis
2297 4233 2403 4285 per
2425 4221 2652 4273 sanctos
2677 4221 2914 4287 angelos
2937 4236 3087 4274 suos.

839 4520 912 4583 (1)
949 4518 1307 4586 Opmerking
1328 4521 1607 4579 verdient,
1634 4522 1749 4580 dat,
1775 4523 1841 4573 in
1864 4524 2010 4583 1349,
2037 4523 2108 4574 de
2138 4522 2198 4573 10
2223 4522 2560 4586 September
2594 4537 2702 4575 een
2727 4523 3073 4594 Donderdag
3091 4536 3212 4576 was·

778 4602 863 4654 De
886 4602 1119 4669 Zondag
1144 4616 1215 4655 na
1238 4603 1700 4669 Mariageboorte
1722 4603 1836 4655 viel
1860 4605 1958 4655 dat
1977 4605 2105 4668 jaar
2129 4618 2201 4668 op
2223 4604 2284 4655 13
2310 4604 2664 4670 September.
