3526 5522
791 563 858 614 86
1740 561 1952 616 ΑΝΝΟ
1991 562 2139 625 1454,
2179 561 2305 612 1459

1635 740 1685 790 4.
1716 739 1922 793 Contra
1954 737 2416 807 blasphemantes.

858 870 1024 934 Item,
1048 870 1152 921 sub
1177 869 1779 921 excommunicationis
1812 882 1963 935 pena
2006 882 2226 920 necnon
2262 870 2613 921 bannitionis
2648 868 2817 921 unius
2852 869 3006 929 anni,
3033 869 3084 919 ut
3109 881 3200 932 pre·

793 953 998 1013 fertur,
1023 954 1122 1002 aut
1141 950 1270 1016 plus
1294 952 1383 1003 vel
1416 952 1624 1009 minus,
1650 952 1961 1003 secundum
1997 951 2330 1013 qualitatem
2366 952 2579 1009 delicti,
2604 950 2991 1015 prohibemus,
3021 963 3083 1000 ne
3108 949 3201 1012 quis

793 1032 850 1083 in
877 1033 979 1084 Dei
1019 1033 1425 1095 omnipotentis
1460 1034 1855 1084 sanctorumve
1890 1045 2144 1095 suorum,
2169 1033 2474 1096 presertim
2500 1031 2752 1097 gloriose
2774 1030 3016 1096 virginis
3049 1030 3200 1089 Marie,

792 1112 1200 1178 blasphemiam
1226 1116 1324 1165 aut
1347 1116 1542 1165 sancte
1567 1114 1719 1165 sedis
1747 1112 2060 1178 apostolice
2083 1114 2246 1180 regie
2283 1114 2597 1179 majestatis
2632 1115 2691 1165 et
2724 1115 2919 1164 nostre
2955 1111 3202 1178 dignitatis

793 1194 1136 1260 episcopalis
1160 1196 1589 1259 depressionem
1611 1208 1990 1260 prorumpere
2014 1195 2222 1246 audeat
2251 1193 2339 1246 vel
2364 1198 2673 1259 presumat,
2700 1194 3065 1246 nihilominus
3083 1192 3204 1258 penis

792 1278 994 1328 contra
1027 1275 1170 1327 tales
1205 1277 1264 1326 in
1299 1277 1429 1340 jure
1464 1278 1523 1328 et
1557 1277 1785 1328 statutis
1821 1275 2189 1341 synodalibus
2235 1277 2446 1327 nostris
2486 1277 2769 1329 contentis
2809 1276 2869 1326 in
2903 1289 3004 1326 suo
3046 1274 3205 1325 robore

791 1371 1202 1423 permansums.

1320 1487 1376 1538 S.
1424 1487 1720 1547 Bormam,
1772 1487 1994 1540 Recueil
2033 1488 2131 1540 dee
2168 1487 2557 1540 ordonnances
2597 1487 2668 1539 de
2701 1486 2760 1539 la
2795 1487 3126 1554 principante
3157 1481 3207 1533 do

1387 1568 1566 1635 maye,
1596 1570 1687 1618 1⁸‘0
1711 1571 1863 1621 serie
1888 1567 2036 1636 [deel
2061 1568 2132 1637 1],
2158 1569 2265 1621 blz.
2295 1570 2416 1620 577.

1818 1806 1921 1871 71
1981 1797 2254 1888 (2991’1‘).

899 2008 1107 2077 1459,
1153 2004 1404 2067 Maarc
1449 2010 1642 2080 1·12,
1687 2005 1932 2087 Rq'jsel.
1976 2006 2365 2068 Uittreksels
2417 2006 2512 2066 uit
2562 2004 2639 2066 de
2682 2003 3215 2080 stadsrekeningen

792 2117 946 2163 over
980 2101 1299 2164 onkosten
1334 2103 1582 2180 gedaan
1620 2121 1882 2182 wegens
1917 2104 2029 2166 het
2062 2104 2298 2182 geding
2330 2120 2455 2165 van
2495 2103 2617 2165 den
2660 2101 2877 2164 ketter
2911 2090 3212 2164 Gonzalve.

793 2232 890 2244 —
948 2201 1037 2260 De
1098 2200 1612 2279 stadsregeering
1670 2203 1836 2264 zond
1890 2202 2100 2264 boden
2160 2218 2321 2263 naar
2381 2199 2671 2263 Doornik
2723 2199 2806 2277 bij
2872 2200 2994 2262 den
3051 2198 3215 2275 magi-

792 2298 1000 2358 straat
1032 2314 1112 2358 en
1163 2297 1294 2360 ook
1329 2315 1494 2361 naar
1530 2302 1788 2378 Brugge
1826 2300 1907 2378 bij
1956 2300 2078 2361 den
2112 2299 2370 2377 hertog,
2415 2299 2613 2376 opdat
2647 2298 2748 2359 die
2782 2297 2997 2360 ketter
3028 2297 3147 2358 niet
3172 2296 3220 2356 te

793 2395 1107 2555 Dotornilg,
1156 2411 1342 2457 maar
1376 2398 1442 2458 te
1478 2397 1679 2475 Rijsel
1730 2413 1855 2460 zou
1896 2396 2395 2476 terecbtgesteld
2444 2396 2740 2472 worden,
2784 2398 2923 2459 wat
2953 2396 3074 2457 dan
3118 2391 3220 2455 ook

800 2508 880 2570 ge
923 2509 1038 2554 eur
1082 2509 1143 2553 e.

856 2662 907 2713 A
928 2662 964 2714 J
969 2676 1097 2714 osse
1131 2662 1432 2723 Wandele,
1484 2662 1638 2716 clerc
1674 2665 1744 2716 de
1782 2663 1959 2717 ladite
1992 2663 2145 2723 ville,
2196 2664 2403 2728 auquel
2437 2663 2477 2715 il
2515 2663 2669 2715 avoit
2700 2665 2823 2715 este
2859 2663 3105 2715 ordonne
3131 2670 3215 2723 par

794 2743 1090 2796 eschevins
1137 2757 1199 2796 se
1245 2746 1605 2810 transporter
1651 2747 1854 2798 devers
1902 2747 2096 2798 nostre
2144 2748 2260 2799 tres
2312 2745 2596 2820 redoubte
2642 2745 2917 2810 seigneur
2963 2744 3022 2796 et
3060 2742 3224 2808 prinae

790 2827 1198 2893 monseigneur
1215 2827 1270 2878 le
1295 2827 1405 2878 duc
1429 2828 1499 2880 de
1539 2828 1892 2894 Bourgogne
1910 2831 1968 2879 et
1984 2828 2066 2881 lui
2084 2830 2400 2893 presenter,
2427 2825 2538 2893 [de]
2558 2840 2663 2891 par
2680 2826 2855 2878 ledite
2880 2825 3029 2883 ville,
3054 2825 3220 2877 lettres

791 2908 1065 2959 touchant
1088 2921 1206 2974 ung
1228 2907 1455 2960 homme
1484 2909 1820 2973 hereticque
1845 2910 2191 2977 d’estraigne
2215 2911 2393 2972 terre,
2416 2908 2603 2972 lequel
2630 2908 3036 2974 monseigneur
3055 2905 3219 2956 l’eves·

791 3002 903 3053 que
937 2990 1007 3040 de
1044 2989 1313 3054 Tournay
1347 2989 1566 3043 vouloit
1598 2991 1896 3052 delaisser,
1922 3005 2070 3057 pour
2106 3005 2176 3043 en
2210 2992 2359 3043 faire
2397 2990 2769 3048 l’execucion‚
2793 2990 2828 3040 a
2868 2988 2926 3041 la
2955 2988 3143 3054 justice
3172 2984 3227 3034 de

790 3071 1078 3135 Tournay,
1106 3084 1218 3122 non
1249 3071 1476 3124 obstant
1510 3072 1647 3137 qu’il
1684 3076 1814 3125 eust
1847 3074 1971 3126 este
2004 3074 2165 3138 prins
2202 3085 2308 3137 par
2342 3072 2400 3123 la
2434 3071 2643 3137 justice
2668 3072 2738 3122 de
2762 3070 3153 3136 monseigneur
3170 3078 3226 3116 en

789 3153 944 3203 ceste
965 3151 1115 3202 dicte
1141 3150 1293 3211 ville,
1316 3154 1376 3203 et
1399 3152 1589 3217 lequel
1611 3155 1647 3207 J
1653 3169 1782 3207 osse
1812 3156 2046 3219 passant
2068 3153 2212 3206 ledit
2227 3153 2345 3205 lieu
2364 3154 2435 3204 de
2457 3152 2745 3216 Tournay,
2767 3151 2987 3203 adverti
3005 3162 3105 3213 que
3116 3145 3231 3198 ledit

790 3232 1198 3298 monseigneur
1218 3232 1521 3298 l’evesque,
1535 3237 1569 3287 a
1590 3236 1645 3288 le
1663 3237 1963 3300 poursuite
1984 3236 2200 3288 desdits
2226 3234 2544 3293 eschevins,
2565 3234 2831 3297 teroyent
2848 3243 3103 3284 ramener
3116 3227 3232 3281 ledit

799 3315 1093 3378 ereticque
1117 3328 1189 3366 en
1226 3317 1383 3368 ceste
1409 3317 1558 3370 dicte
1583 3316 1738 3379 ville,
1766 3319 1801 3369 a
1821 3317 2071 3382 laquelle
2092 3330 2263 3369 cause
2288 3316 2329 3367 il
2366 3318 2644 3367 retourna
2675 3316 2736 3366 et
2773 3327 2845 3365 ne
2879 3313 3074 3378 parflst
3099 3308 3234 3376 point

796 3397 990 3449 sondit
1013 3409 1252 3462 voyage,
1280 3400 1424 3449 mais
1458 3412 1674 3462 vacqua
1715 3400 2060 3452 seullement
2081 3400 2230 3452 deux
2260 3399 2441 3464 jours‚
2470 3397 2602 3448 finis
2634 3396 2691 3449 le
2727 3403 2793 3448 κθ
2814 3395 2949 3460 jour
2987 3396 3054 3447 de
3089 3403 3231 3449 mars.

800 3479 919 3544 qui,
947 3479 982 3529 a
1013 3492 1180 3528 xxvm
1205 3492 1252 3530 s.
1276 3492 1424 3544 pour
1444 3480 1596 3545 jour,
1622 3484 1816 3535 monte
1840 3498 1927 3533 un
1950 3497 1998 3535 s.

864 3609 916 3661 A
936 3610 1161 3665 Hubert
1178 3612 1535 3679 Carpentier,
1554 3625 1875 3677 procureur
1898 3614 1970 3666 de
1994 3613 2051 3665 la
2072 3611 2208 3665 ville
2233 3613 2304 3665 de
2338 3610 2504 3668 Line,
2530 3623 2678 3674 pour
2707 3621 2815 3674 par
2833 3609 2892 3662 le
2913 3603 3235 3661 commande-

801 3693 959 3744 ment
983 3692 1335 3747 d’eschevins
1361 3695 1518 3746 avoir
1542 3694 1633 3748 ale
1656 3709 1730 3748 en
1772 3695 1830 3748 la
1867 3694 2004 3748 ville
2045 3696 2116 3747 de
2158 3695 2426 3758 'rournay
2460 3692 2748 3758 insignior
2790 3705 2906 3744 aux
2951 3688 3162 3756 prevost
3191 3683 3241 3736 et

795 3773 1091 3826 eschevins
1109 3775 1278 3841 illecq
1302 3774 1718 3841 l’appellacion,
1737 3776 1907 3830 taicte
1924 3790 2029 3842 par
2052 3776 2195 3830 ledit
2218 3788 2536 3842 procureur
2562 3775 2621 3826 et
2644 3786 2751 3839 par
2775 3773 2831 3825 le
2864 3780 3165 3839 procureur
3182 3765 3240 3815 de

805 3857 1002 3908 nostre
1026 3857 1144 3909 tres
1168 3858 1447 3910 redoubte
1472 3859 1745 3924 seigneur
1778 3859 2187 3925 monseigneur
2219 3856 2274 3910 le
2311 3857 2421 3909 duc
2456 3858 2528 3909 de
2562 3855 2940 3922 Bourgogne,
2966 3853 3091 3905 d'un
3109 3847 3238 3902 relus

796 3937 906 3989 tait
942 3951 1048 4003 par
1081 3940 1350 3991 reverent
1384 3940 1523 4003 pere
1558 3953 1629 3992 en
1665 3941 1814 3993 Dieu
1866 3941 2276 4007 monseigneur
2310 3937 2602 4002 l’evesque
2651 3938 2722 3988 de
2763 3935 3033 4001 Tournay
3064 3926 3242 3984 d’avoir

796 4019 979 4071 rendu
1009 4021 1044 4071 a
1066 4019 1125 4073 la
1144 4021 1352 4085 justice
1378 4021 1449 4073 de
1474 4021 1651 4075 ladite
1674 4022 1811 4075 ville
1836 4037 1956 4088 ung
1978 4024 2205 4074 nomme
2227 4020 2571 4078 Gondsalve‚
2594 4018 2926 4084 prisonnier
2945 4029 3088 4082 pour
3105 4010 3239 4065 here-

796 4100 900 4159 sie,
940 4103 999 4153 et
1035 4101 1189 4153 aussi
1222 4115 1372 4166 pour
1425 4103 1584 4154 avoir
1620 4103 1847 4169 appelle
1882 4104 1953 4156 de
1988 4102 2372 4168 l'inquisiteur
2405 4102 2476 4153 de
2517 4101 2576 4153 la
2607 4101 2705 4166 toy
2746 4101 2807 4152 et
2839 4099 2942 4152 des
2976 4092 3163 4149 official
3192 4089 3243 4140 et

797 4181 1090 4244 vicquaire
1127 4183 1198 4235 de
1234 4182 1532 4250 'rournay;
1572 4185 1781 4249 ouquel
1819 4186 2063 4253 voyaige
2101 4184 2243 4237 ledit
2275 4196 2597 4249 procureur
2630 4194 2847 4246 vacqua
2877 4196 2915 4231 11
2946 4181 3118 4246 jours,
3139 4170 3240 4224 finis

801 4262 855 4314 le
887 4271 950 4312 ιιο
975 4262 1110 4327 jour
1135 4264 1206 4315 de
1228 4264 1427 4317 march
1450 4266 1680 4318 darrain
1703 4270 1892 4332 passe,
1917 4267 1952 4320 a
1973 4282 2141 4318 mm
2168 4281 2215 4318 s.
2236 4279 2383 4332 pour
2405 4265 2556 4330 jour,
2583 4264 2715 4314 sont
2737 4277 2825 4313 rm
2847 4276 2898 4314 s.

867 4390 921 4443 A
939 4389 1041 4454 lui,
1062 4392 1196 4457 qu’il
1217 4407 1252 4445 a
1268 4397 1417 4460 paye
1436 4396 1471 4447 a
1491 4396 1725 4449 maistre
1745 4396 1936 4449 Jehan
1959 4396 2031 4449 de
2053 4394 2395 4458 Helchouez,
2420 4393 2677 4454 advocat,
2695 4404 2847 4457 pour
2866 4403 2972 4456 par
2991 4386 3239 4455 planem*

801 4471 916 4524 tois
934 4475 1093 4526 avoir
1107 4476 1216 4527 fait
1233 4478 1517 4530 certaines
1535 4480 1995 4531 remonstrances
2013 4477 2239 4530 auxdits
2258 4475 2623 4541 inquisiteur,
2635 4472 2845 4527 official
2862 4473 2923 4526 et
2936 4466 3237 4536 vicquairet»

807 4553 1085 4608 touchant
1105 4557 1247 4609 ledit
1267 4571 1509 4625 renvoy‚
1528 4574 1675 4611 xxxn
1699 4575 1746 4612 s.
