3526 5522
765 563 860 616 150
1704 565 1915 622 ANNO
1949 567 2097 631 1490,
2136 569 2260 621 1491
2309 588 2317 601 ·

1741 739 1904 807 118
1958 732 2223 824 (mem).

859 888 1065 963 1490,
1105 885 1468 972 Auyustus
1495 891 1613 964 27,
1661 884 1967 954 Venetie‘.
2002 890 2486 971 Aanteekening
2517 890 2615 954 uit
2647 890 2728 954 de
2759 890 3046 971 reg-istem
3066 890 3163 953 der

750 984 1377 1051 Predikheerenorde
1434 1004 1589 1051 over
1644 987 1723 1051 de
1779 989 2174 1070 bevestiging
2229 1006 2355 1054 van
2411 992 2688 1054 meester
2745 992 3011 1054 Thomas
3054 1006 3160 1052 van

751 1086 1106 1149 Dordrecht
1137 1086 1235 1149 als
1268 1086 1662 1166 pauselijken
1697 1089 2078 1167 inquisiteur
2100 1106 2181 1151 en
2205 1088 2370 1166 zijne
2394 1090 2784 1172 aanstelling
2806 1092 2904 1155 tot
2925 1090 3160 1153 vicaris·

751 1187 1051 1265 generaal
1085 1186 1199 1285 fier
1232 1186 1387 1249 orde
1411 1187 1479 1248 in
1505 1186 1807 1250 Holland.

814 1327 1089 1393 Magister
1111 1327 1359 1380 Thomas
1382 1327 1452 1381 de
1475 1328 1768 1382 Dordraco
1798 1329 2104 1395 inquisitor
2136 1330 2505 1383 confirmatur
2537 1331 2597 1384 et
2629 1331 2696 1385 fit
2728 1328 3008 1398 generalis
3037 1329 3163 1379 vics·

747 1410 869 1461 rius
891 1410 1355 1476 congregationis
1379 1409 1637 1464 Olandie.

1263 1515 1502 1568 Archiet
1524 1515 1627 1568 der
1649 1516 2223 1570 Predikheerenorde
2246 1518 2305 1570 te
2326 1517 2533 1578 Rome,
2561 1518 2821 1584 Reqisva
2837 1514 3164 1585 ymen-alium

1331 1597 1548 1653 ordinis
1588 1596 2076 1661 Praedicatorum,
2111 1599 2190 1653 ad
2221 1614 2458 1665 annum,
2494 1599 2596 1652 tol.
2632 1598 2730 1651 293
2771 1613 2949 1652 verso.
2987 1626 3050 1637 -
3084 1597 3165 1648 zie

1333 1682 1665 1743 hierboven,
1691 1691 1751 1734 nr
1775 1680 1889 1745 103,
1914 1682 2020 1734 blz.
2048 1682 2164 1734 140.

1726 1853 1893 1920 114
1945 1847 2209 1936 (3792012.

850 2004 1064 2081 1490,
1109 1998 1396 2069 October
1438 2008 1549 2081 12,
1608 2002 1663 2067 's
1700 2000 2290 2090 Hertoyenbosch.
2338 2003 2825 2085 Aanteekening
2872 2008 3027 2068 over
3070 2002 3164 2066 het

745 2102 1092 2182 overlijden
1125 2103 1350 2167 aldaar
1379 2120 1505 2167 van
1539 2103 1660 2166 den
1709 2103 2089 2184 inquisitem·
2120 2104 2382 2168 Willem
2419 2106 2733 2181 Turnout,
2776 2102 3159 2185 predikheer.

812 2243 1185 2296 Reverendus
1229 2242 1580 2296 admirabilis
1629 2257 1694 2296 ac
1738 2242 2251 2297 excellentissimus
2300 2244 2465 2309 pater
2513 2243 2857 2297 wilhelmus
2910 2243 3166 2299 Tui-nont,

751 2327 981 2379 sanctae
1019 2325 1343 2394 theologiae
1378 2326 1594 2388 doctor,
1629 2325 1940 2380 haeriticae
1971 2327 2266 2392 pravitatis
2305 2327 2627 2391 inquisitor,
2662 2326 2909 2378 vicanus
2943 2324 3168 2379 nationis

751 2408 1091 2462 Brabantiae
1116 2424 1181 2461 ac
1203 2409 1453 2476 plurium
1475 2410 1852 2462 conventuum
1874 2408 2052 2475 prior,
2079 2408 2261 2478 [obiit]
2288 2409 2350 2459 12
2372 2407 2633 2461 Octobris
2660 2407 2806 2459 1490.

1263 2514 1499 2565 Archiet
1519 2526 1625 2565 van
1650 2512 1750 2565 het
1774 2511 2462 2566 Predikheerenklooster
2485 2511 2541 2564 te
2559 2509 2723 2571 Gent,
2743 2510 2857 2564 HS.
2883 2509 3165 2564 Chronioon

1329 2603 1627 2649 conventus
1652 2594 2103 2654 Buscoducensis,
2127 2593 2229 2646 fol.
2254 2606 2413 2647 xxlx.

1732 2770 1894 2837 115
1936 2761 2201 2852 (mm).

856 2927 1065 3001 1491,
1108 2919 1260 2990 Mei
1293 2925 1412 2998 29,
1455 2917 1956 2987 Cenomannis.
1996 2920 2481 3000 Aanteekening
2503 2921 2601 2983 uit
2625 2920 2703 2982 de
2736 2920 3041 2999 registers
3070 2915 3171 2977 der

744 3022 1373 3088 Predikheerenorde
1425 3038 1579 3086 over
1627 3022 1705 3084 de
1753 3021 2150 3101 bevestiging
2195 3037 2323 3084 van
2370 3023 2410 3083 J
2413 3020 2698 3083 ohannes
2742 3018 3039 3083 vassoris
3085 3014 3169 3076 als

744 3121 1139 3204 pauselijken
1195 3122 1576 3200 inquisiteur
1630 3122 1699 3182 in
1765 3120 1843 3183 de
1906 3119 2303 3184 bisdommen
2362 3119 2753 3198 Terenburg‚
2821 3112 3160 3193 KameriJ'k,

744 3222 1058 3300 Doornik,
1099 3219 1366 3285 Atreeht
1399 3237 1480 3283 en
1510 3220 1796 3283 Amiens.

807 3349 1338 3406 Reverendissimus
1374 3348 1635 3400 dominus
1664 3346 1704 3401 J
1707 3347 1959 3400 ohannes
1995 3343 2316 3415 [Vassoris]‚
2353 3344 2651 3411 episcopus
2690 3342 3079 3405 Gebeldensis,
3110 3340 3166 3391 nt

744 3436 1108 3488 confirmatus
1142 3432 1394 3485 heretice
1423 3431 1719 3497 pravitatis
1750 3429 2057 3495 inquisitor
2089 3431 2149 3480 in
2174 3429 2386 3481 diocesi
2410 3426 2740 3488 Morinensi,
2768 3422 3164 3479 cameracensi.

746 3517 1111 3576 Tornacensi‚
1134 3514 1521 3568 Attrebatensi
1553 3516 1611 3565 et
1641 3513 2028 3571 Ambianensi,
2054 3513 2215 3565 iuxta
2246 3512 2418 3564 breve
2452 3509 2824 3576 apostolicum
2859 3524 2895 3561 a.
2925 3508 3166 3575 pluribus

746 3603 909 3654 annis
933 3600 1040 3652 sibi
1064 3611 1411 3651 concessum.

1261 3701 1497 3754 Archiet
1520 3701 1622 3753 der
1645 3699 2218 3754 Predikheerenorde
2242 3700 2298 3750 te
2321 3697 2523 3758 Rome,
2552 3696 2808 3765 Regium
2826 3693 3167 3765 ymeralium

1324 3782 1543 3836 ordinis
1563 3781 2046 3844 Praedicatorum,
2058 3780 2138 3836 ad
2153 3795 2384 3838 annum.
2405 3779 2505 3832 tol.
2527 3778 2594 3830 30
2611 3791 2777 3831 verso
2788 3815 2802 3830 .
2818 3805 2889 3817 —
2904 3778 3164 3832 Fontana.

1322 3866 1573 3919 Monam.
1599 3864 1877 3924 dominic„
1904 3863 2011 3916 blz.
2039 3863 2155 3924 196,
2189 3863 2413 3928 schrijtt
2445 3876 2552 3914 van
2586 3862 2760 3914 (lezen
2795 3860 3163 3926 inquisiteur:

1325 3969 1351 3991 «ι
1364 3948 1548 4012 Hujus
1565 3949 1842 4000 memoria
1858 3946 1987 3999 talis
2005 3946 2247 3998 habetur
2262 3945 2322 3996 in
2335 3945 2579 4012 regestis
2594 3944 2631 3997 J
2634 3943 2881 3996 oachimi
2892 3940 3162 3998 Turi-iani,

1325 4031 1586 4096 magistri
1619 4031 1856 4097 ordinis,
1878 4030 1980 4082 fol.
2004 4028 2092 4092 30,
2117 4028 2188 4081 sd
2218 4042 2426 4080 annum
2450 4026 2574 4077 1491
2604 4038 2618 4076 z
2650 4025 3164 4078 Reverendissimus

1329 4114 1590 4165 dominus
1612 4113 1649 4165 J
1653 4126 1882 4174 oannes,
1904 4112 2202 4178 episcopus
2220 4109 2609 4169 GabeldensiS,
2630 4109 2695 4160 fit
2711 4108 3033 4161 haereticae
3048 4118 3163 4172 pra-

1329 4196 1519 4248 vitatis
1538 4196 1840 4260 inquisitor
1857 4196 1916 4247 in
1938 4193 2184 4247 dioecesi
2206 4192 2618 4252 cameracensi,
2633 4190 3165 4250 Tornacensi,Atre·

1322 4277 1547 4330 batensi
1579 4280 1639 4330 et
1668 4277 2054 4337 Ambianensi,
2078 4276 2243 4340 juxta
2260 4274 2430 4327 breve
2452 4273 2782 4339 pontificum
2804 4273 2916 4324 sibi
2940 4287 2976 4325 a.
2994 4270 3158 4338 pluri·

1325 4360 1430 4412 bus
1453 4360 1613 4413 annis
1640 4372 1988 4420 concessum,
2010 4360 2069 4411 et
2091 4357 2460 4409 confirmatur
2482 4355 2592 4408 sibi
2625 4369 2850 4408 camera
2884 4356 2943 4408 in
2980 4354 3163 4408 eodem

1322 4444 1602 4496 conventu
1636 4441 1829 4495 Sancti
1859 4441 2170 4494 Andomari
2203 4454 2330 4492 cum
2365 4438 2625 4491 omnibus
2666 4438 2830 4490 bonis
2865 4438 2975 4490 sibi
3007 4434 3161 4503 perti·

1325 4526 1607 4588 uentibus,
1649 4526 1905 4577 Parisius
1942 4524 2009 4576 20
2051 4524 2200 4590 Aug.
2226 4522 2390 4578 13491.
2436 4546 2461 4568 ιι
2508 4549 2574 4560 --
2616 4521 2712 4574 Zie
2757 4521 2872 4572 ook
2916 4519 3158 4586 Seguien

1329 4607 1504 4660 Insul.
1540 4606 1721 4674 Belq„
1745 4608 1850 4658 blz.
1886 4608 1951 4658 73
1985 4621 2057 4658 en
2090 4606 2172 4664 74,
2200 4605 2408 4657 alwaar
2441 4607 2498 4656 te
2531 4603 2688 4657 lezen
2722 4605 2888 4670 stant,
2913 4603 3009 4655 dat
3040 4603 3159 4652 dese

1324 4690 1666 4760 inquisiteur
1688 4690 1799 4742 den
1825 4689 1886 4740 18
1906 4689 2147 4742 «Ianuari
2170 4687 2295 4739 1507
2319 4685 2601 4740 overleed.
