3526 5522
766 630 832 680 42
1809 631 2021 685 ANNO
2059 631 2185 681 1374

768 794 1011 846 cessavit
1045 806 1080 844 a
1113 793 1446 845 dansatione
1485 793 1712 857 ruitque
1746 792 1906 845 illico
1942 793 2194 844 sanatus.
2222 792 2351 844 Hoc
2382 792 2467 843 sic
2499 793 2722 856 curato,
2745 793 2901 846 idem
2931 794 3072 846 tecit
3102 794 3219 846 aliis

771 875 941 926 sociis
1000 874 1118 925 suis
1179 875 1410 926 circiter
1470 889 1700 933 novem,
1765 876 1862 938 qui
1922 888 2119 926 omnes
2174 877 2544 927 recesserunt
2598 875 2723 926 sani
2781 876 2841 926 et
2895 875 3218 937 incolumes.

773 957 1111 1008 Nuntiatum
1148 956 1260 1007 tuit
1303 956 1415 1007 hoc
1461 957 1706 1007 dominis
1747 956 1941 1008 Sancti
1991 956 2282 1007 Lamberti
2320 957 2380 1007 in
2421 956 2683 1008 ecclesia.
2726 957 2836 1016 Qui
2880 960 3219 1014 accurentes.

770 1038 1276 1102 interrogaverunt
1310 1038 1498 1101 ipsum
1540 1035 1919 1101 capellanum,
1959 1038 2008 1087 si
2050 1039 2277 1088 teneret
2310 1037 2422 1088 hoc
2458 1051 2584 1089 esse
2622 1038 2979 1090 miraculum.
3018 1040 3221 1099 Quibus

769 1118 871 1171 ille
904 1120 1236 1183 respondit:
1277 1139 1303 1161 a
1330 1119 1444 1169 Vos
1483 1120 1622 1170 estis
1658 1117 1930 1170 meliores
1965 1119 2163 1170 clerici
2206 1133 2376 1183 quam
2420 1133 2530 1185 ego
2575 1133 2701 1171 sum
2745 1122 2805 1172 et
2845 1121 2993 1172 bene
3028 1121 3221 1172 videtis

772 1201 908 1264 quid
932 1201 1033 1265 sit3
1061 1201 1112 1252 si
1136 1202 1212 1252 sit
1234 1199 1596 1258 miraculum,
1621 1214 1723 1251 vos
1746 1201 1860 1265 ipsi
1883 1201 2157 1265 judicate.
2186 1223 2212 1246 n·
2244 1200 2407 1252 Tunc
2430 1201 2646 1253 domini
2667 1204 2933 1254 fecerunt
2955 1202 3221 1267 triplicari

771 1280 831 1330 et
850 1278 1070 1342 pulsari
1093 1292 1400 1343 campanas
1423 1279 1546 1330 tota
1569 1279 1661 1329 die
1684 1279 1768 1344 et,
1791 1279 2090 1330 audientes
2111 1278 2238 1338 hoc,
2260 1278 2426 1330 multi
2452 1282 2826 1331 accurrerunt
2843 1281 2916 1332 ad
2931 1281 3224 1333 videndum

772 1360 908 1422 quid
953 1361 1038 1410 ibi
1084 1361 1266 1412 fieret.
1319 1360 1631 1424 Postquam
1676 1360 1788 1411 hoc
1831 1361 1945 1412 tuit
1992 1361 2074 1411 ibi
2120 1359 2496 1427 divulgatum,
2557 1364 2937 1414 accurrerunt
2981 1361 3116 1413 illuc
3159 1362 3223 1412 de

772 1442 1014 1493 diversis
1058 1442 1319 1506 partibus
1367 1442 1427 1493 et
1472 1441 1614 1493 locis
1663 1444 1780 1493 tam
1821 1443 1932 1493 viri
1980 1456 2148 1505 quam
2197 1441 2500 1507 mulieres;
2549 1442 2649 1495 alii
2696 1443 3119 1496 adducebantur
3159 1443 3223 1494 ab

773 1524 988 1580 amicis,
1018 1522 1119 1573 alii
1144 1527 1336 1575 autem
1374 1524 1664 1575 violenter
1699 1525 2100 1586 trahebantur,
2125 1526 2189 1575 ut
2211 1527 2570 1576 sanarentur.
2598 1523 2706 1576 Ille
2740 1539 2877 1576 vero
2912 1525 3224 1590 capellanus

774 1605 1011 1676 sanabat
1068 1606 1349 1669 quotquot
1406 1607 1652 1669 poterat.
1711 1606 1986 1657 videntes
2039 1605 2139 1657 alii
2196 1605 2498 1672 capellani,
2556 1609 2618 1657 et
2671 1606 3000 1672 specialiter
3045 1608 3226 1658 rector

772 1687 1029 1749 ejusdem
1069 1685 1308 1751 capelle,
1346 1686 1568 1738 scilicet
1613 1690 1809 1739 nostre
1855 1687 2119 1745 Domine,
2163 1701 2383 1738 necnon
2426 1689 2487 1739 et
2523 1688 2635 1738 duo
2678 1689 2941 1739 canonici
2981 1689 3222 1752 eiusdem

772 1768 1007 1832 maioris
1046 1766 1310 1831 ecclesie,
1357 1767 1605 1832 qualiter
1648 1769 1885 1820 sanabat
1919 1782 2034 1825 eos,
2073 1771 2351 1832 ceperunt
2388 1768 2580 1820 dicere
2615 1772 2675 1820 et
2706 1770 2902 1821 tacere
2938 1770 3079 1820 sicut
3109 1767 3220 1830 ille,

771 1847 1019 1915 legendo
1045 1850 1104 1902 et
1131 1850 1371 1901 dicendo
1397 1850 1800 1910 exorcismum,
1827 1850 1928 1913 qui
1945 1851 2033 1901 est
2052 1849 2300 1914 scriptus
2324 1851 2457 1901 ante
2473 1850 2817 1914 baptismum
2847 1852 2908 1902 et
2929 1848 3224 1915 Evangelia

772 1932 1188 1991 convenientia,
1248 1931 1470 1983 scilicet
1525 1932 1708 1984 sancti
1761 1931 1800 1984 J
1805 1931 2047 1982 ohannis
2097 1946 2112 1981 ε
2171 1931 2241 1983 In
2291 1933 2576 1998 principio
2621 1939 2742 1985 erat
2797 1931 3053 1994 Verbum,
3096 1933 3220 1991 etc..

770 2013 1171 2076 faciebantque
1206 2026 1377 2079 egros
1411 2015 1471 2065 et
1504 2027 1673 2079 egras
1697 2013 1891 2065 dicere
1918 2031 1931 2063 ε
1971 2012 2041 2065 Et
2076 2012 2316 2065 Verbum
2348 2028 2479 2065 caro
2512 2014 2725 2082 factum
2760 2022 2840 2066 est
2878 2021 2930 2066 et
2966 2012 3223 2067 habitavit

774 2096 839 2145 in
871 2093 1047 2145 nobis.
1084 2094 1216 2146 Alia
1257 2096 1439 2146 eciam
1480 2094 1795 2160 Evangelia
1832 2093 2105 2161 legebant
2143 2095 2247 2154 eis,
2285 2094 2505 2146 scilicet
2544 2095 2912 2147 Ascensionis
2955 2115 2967 2144 :
3019 2095 3226 2149 Recum-

779 2174 1049 2234 bentibus,
1099 2179 1226 2234 etc„
1277 2177 1376 2228 ubi
1424 2177 1637 2242 legitur
1691 2177 1752 2227 in
1812 2177 1927 2228 fine
1976 2191 1990 2228 ε
2051 2176 2301 2228 Mortuos
2346 2179 2623 2236 suscitate,
2675 2176 2923 2244 leprosos
2975 2176 3225 2228 mundato

783 2256 1043 2309 demones
1066 2259 1259 2324 fficite,
1299 2265 1358 2310 et
1390 2259 1618 2311 similia.
1659 2259 1917 2311 Tandem
1952 2259 2276 2311 habuerunt
2306 2259 2697 2323 adiurationes
2730 2261 2917 2312 sancti
2952 2257 3222 2312 Ambrosii

783 2339 842 2389 et
887 2337 1118 2398 Hilarii,
1165 2340 1314 2391 unde
1352 2341 1660 2392 utebantur
1694 2341 1776 2393 ibi
1818 2343 1877 2393 et
1915 2341 1977 2392 in
2014 2340 2220 2392 Sancto
2259 2340 2667 2392 Bartholomeo
2708 2343 2768 2393 et
2805 2342 2868 2393 in
2909 2341 3036 2393 aliis
3073 2340 3224 2391 locis.

789 2419 996 2472 Plures
1048 2422 1255 2486 tamen,
1304 2423 1401 2485 qui
1447 2437 1560 2474 non
1604 2424 1873 2488 poterant
1919 2423 2112 2474 sanari
2157 2423 2217 2473 in
2266 2421 2472 2474 Sancto
2521 2421 2929 2476 Bartholomeo
2976 2425 3033 2474 et
3073 2421 3219 2479 alibi.

785 2503 1135 2554 sanabantur
1169 2502 1230 2554 in
1263 2502 1368 2554 illa
1398 2503 1619 2569 capella
1654 2505 1850 2555 nostre
1887 2505 2148 2562 Domine,
2175 2504 2235 2554 in
2271 2501 2521 2554 claustro
2545 2504 2783 2568 maioris
2809 2504 3066 2562 ecclesie,
3087 2504 3227 2554 torte

782 2588 1019 2649 propter
1054 2585 1333 2637 honorem
1368 2587 1564 2637 nostre
1600 2587 1845 2637 Domine
1880 2585 1969 2636 vel
2004 2587 2242 2650 propter
2276 2585 2551 2648 reliquias
2584 2585 2666 2637 ibi
2698 2588 3017 2650 presentes.
3050 2584 3120 2636 Et
3149 2585 3226 2634 sic

778 2668 1015 2719 fuerunt
1041 2668 1246 2726 sanati,
1282 2668 1473 2724 credo,
1503 2667 1632 2731 plus
1658 2681 1827 2730 quam
1851 2668 1965 2719 tria
1986 2666 2165 2726 milia,
2192 2667 2423 2731 quidam
2453 2667 2657 2725 levius»,
2684 2668 2914 2730 quidam
2938 2664 3226 2718 difficilius.

782 2748 1019 2808 Quando
1062 2764 1174 2801 non
1217 2751 1484 2815 poterant
1523 2750 1637 2801 cito
1680 2750 1893 2808 sanari,
1939 2749 2264 2814 ponebatur
2310 2761 2521 2812 corpus
2566 2749 2801 2801 Domini
2845 2763 3018 2814 super
3058 2748 3231 2813 capita

790 2846 990 2883 eorum
1049 2831 1137 2884 vel
1183 2832 1609 2883 monstrabatur
1656 2833 1741 2883 eis
1790 2833 1941 2884 nude
1989 2844 2094 2896 per
2137 2844 2340 2882 manus
2388 2831 2769 2889 sacerdotum,
2818 2831 3229 2897 ponebaturque

788 2912 938 2965 stola
979 2915 1041 2965 in
1086 2913 1237 2966 colla
1281 2915 1538 2979 ipsorum
1585 2913 1942 2977 dabaturque
1988 2914 2073 2964 eis
2119 2926 2268 2977 aqua
2323 2913 2627 2965 benedicta
2685 2914 2759 2965 ad
2814 2914 3135 2973 bibendum,
3175 2911 3231 2963 et

784 2997 1205 3048 confitebantur
1238 2997 1321 3047 ibi
1354 2998 1593 3062 peccata
1627 3010 1732 3047 sua
1766 2995 2180 3057 sacerdotibus,
2217 2997 2275 3046 et
2308 2995 2392 3045 sic
2426 2995 2669 3047 exibant
2703 2995 2942 3061 spiritus
2974 2991 3229 3051 immundi

788 3079 858 3130 de
883 3080 1222 3143 corporibus
1247 3092 1466 3131 eorum.
1503 3079 1580 3131 Et
1612 3078 1792 3141 aliqui
1815 3079 2000 3129 eciam
2026 3077 2452 3128 suffocabantur
2475 3090 2510 3127 a
2534 3078 2871 3129 demonibus
2896 3080 2955 3130 et
2974 3075 3231 3129 cadebant

785 3161 995 3213 mortui
1041 3162 1100 3212 in
1145 3160 1251 3213 illa
1294 3161 1518 3226 capella
1563 3163 1760 3212 nostre
1808 3160 2051 3211 Domine
2099 3160 2232 3210 ante
2278 3157 2479 3210 altare.
2540 3158 2880 3212 Sacerdotes
2926 3160 3100 3212 eciam
3139 3168 3227 3209 eos

787 3244 1195 3304 exorcisantes,
1243 3244 1507 3295 dicebant
1546 3256 1560 3293 ε
1604 3265 1629 3285 κ
1662 3243 1793 3304 Exi,
1843 3242 2079 3306 spiritus
2128 3242 2440 3299 immunde,
2482 3240 2556 3292 da
2598 3242 2880 3293 honorem
2925 3242 3046 3293 Deo
3085 3251 3227 3293 vero,

788 3325 860 3376 da
894 3324 1173 3376 honorem
1209 3325 1449 3389 Spiritui
1488 3324 1714 3377 Sanct0.
1751 3325 1881 3383 Exi,
1918 3323 2242 3385 maledicte,
2287 3323 2615 3388 dampnate!
2647 3344 2673 3368 π
2716 3323 2791 3374 Et
2824 3324 2934 3375 hec
2975 3323 3226 3380 dicentes,

787 3406 1077 3471 ponebant
1101 3408 1331 3472 digitos,
1357 3407 1580 3459 scilicet
1602 3405 1870 3471 pollicem
1894 3406 1955 3457 et
1976 3405 2245 3466 indicem,
2270 3404 2330 3455 in
2355 3418 2459 3457 ora
2481 3407 2735 3471 ipsorum
2758 3407 3046 3470 profunde
3066 3413 3228 3467 usque

792 3492 865 3542 ad
904 3491 1121 3555 guttur,
1168 3505 1274 3542 nec
1313 3493 1580 3555 poterant
1613 3503 1714 3541 eos
1748 3489 2043 3550 mordere;
2082 3490 2141 3538 et
2176 3489 2236 3538 in
2271 3501 2439 3539 aures
2469 3501 2668 3540 eorum
2711 3488 3007 3542 dicebant:
3047 3486 3227 3552 Effem-

793 3575 945 3637 quod
968 3576 1058 3626 est
1075 3574 1395 3638 adaperire,
1417 3575 1476 3624 et
1497 3571 1866 3623 insufflabant
1888 3572 1947 3624 in
1970 3574 2148 3624 facies
2172 3586 2391 3631 eorum,
2414 3572 2576 3635 quasi
2594 3570 2963 3622 exsufflantes
2985 3569 3230 3621 virtutem

793 3656 1031 3707 inimici.
1076 3655 1253 3707 Pauci
1294 3657 1484 3706 tamen
1526 3653 1870 3705 clericorum
1910 3667 1976 3705 ac
2012 3655 2250 3705 divitum
2286 3652 2611 3705 habuerunt
2649 3651 2808 3703 illam
2850 3651 3229 3718 egritudinem·

795 3737 1035 3796 Quidam
1093 3736 1520 3802 capellanorum
1576 3735 1960 3801 interrogavit
2006 3736 2321 3792 obsessum,
2371 3735 2567 3787 dicens
2616 3753 2630 3783 z
2693 3752 2720 3776 ι
2759 3721 2949 3793 Quare
2999 3729 3234 3783 intrastis

795 3832 1042 3883 corpora
1064 3818 1265 3871 talium
1287 3830 1665 3882 personarum
1688 3820 1748 3868 et
1772 3832 1884 3868 non
1912 3818 2150 3869 divitum
2174 3820 2276 3869 aut
2308 3815 2684 3868 clericorum?
2707 3838 2733 3861 η
2771 3815 2994 3866 Demon
3025 3823 3235 3877 respon·

797 3901 919 3953 dit:
947 3920 974 3942 a
1001 3899 1211 3952 Clerici
1243 3901 1302 3951 et
1334 3899 1643 3963 presbiteri
1679 3899 1875 3950 dicunt
1909 3900 1995 3950 tot
2027 3899 2178 3950 bona
2210 3899 2387 3950 verba
2419 3899 2480 3950 et
2513 3898 2600 3948 tot
2633 3895 2944 3957 orationes,
2973 3895 3116 3959 quod
3136 3903 3235 3943 non

797 3996 1097 4047 possumus
1122 3983 1339 4034 intrare
1362 3994 1606 4046 corpora
1627 3980 1918 4046 ipsorum3
1943 3981 1993 4031 si
2015 3995 2153 4032 vero
2176 3979 2383 4032 fuisset
2399 3980 2763 4044 expectatum
2785 3992 2893 4044 per
2918 3978 3236 4042 quindenam

795 4064 885 4116 vel
928 4077 1201 4122 mensem,
1246 4077 1350 4114 nos
1389 4063 1767 4114 intrassemus
1807 4076 2052 4128 corpora
2090 4062 2328 4114 divitum
2366 4064 2425 4114 et
2463 4062 2664 4126 postea
2701 4060 3044 4125 principum,
3079 4059 3135 4109 et
3166 4055 3237 4106 sic

797 4159 904 4209 per
938 4159 1037 4196 eos
1075 4145 1555 4196 destruxissemus
1589 4144 1827 4195 clerum.
1858 4168 1883 4190 n
1921 4144 2045 4197 Hec
2084 4145 2231 4195 dixit
2263 4144 2469 4195 demon
2495 4142 2646 4206 apud
2669 4141 2942 4193 Sanctum
2965 4136 3235 4194 Bartholo-

802 4240 992 4279 meum
1017 4226 1077 4277 in
1101 4224 1363 4287 ecclesia,
1394 4227 1756 4279 audientibus
1781 4225 1968 4277 adhuc
1991 4239 2065 4278 Χῖ,
2092 4225 2377 4291 personis.

1328 4338 1411 4392 La
1432 4338 1738 4408 chronique
1755 4338 2016 4406 lieyeoise
2034 4336 2103 4390 de
2120 4339 2254 4388 1402
2263 4336 2529 4405 (vroeger
2547 4336 2762 4402 gezegd
2777 4334 3086 4388 Chronicon
3098 4331 3236 4385 Gem-

1393 4419 1684 4486 blacense),
1698 4421 2043 4487 uitgegeven
2067 4420 2210 4470 door
2232 4419 2381 4485 Eug.
2399 4418 2609 4476 Bacha,
2624 4417 2989 4477 blz.359-364,
3011 4428 3142 4468 naar
3155 4410 3238 4463 het

1398 4502 1513 4555 HS.
1541 4504 1644 4554 der
1679 4502 2061 4566 Koninklijke
2086 4500 2455 4552 Bibliotheek
2490 4501 2548 4552 te
2583 4498 2842 4562 Brussel,
2875 4509 2939 4550 nr
2959 4491 3236 4550 3802-3807‚

1399 4585 1498 4636 fol.
1525 4586 1621 4636 235
1644 4583 1934 4637 verso-236
1957 4596 2151 4647 vers03
2184 4583 2354 4635 reeds
2379 4582 2689 4648 asgedrukt
2720 4581 2796 4646 bij
2838 4582 2906 4632 P.
2933 4577 3235 4636 Proderioq,

1401 4666 1485 4721 De
1506 4666 1688 4721 Secten
1716 4666 1817 4719 der
1841 4664 2170 4722 Geeselaars
2191 4679 2261 4718 en
2283 4662 2546 4724 Dan-vers,
2570 4661 2678 4716 blz.
2701 4662 2876 4713 59-62.
