<?xml version="1.0" encoding="UTF-8"?>
<!DOCTYPE html PUBLIC "-//W3C//DTD XHTML 1.0 Transitional//EN"
    "http://www.w3.org/TR/xhtml1/DTD/xhtml1-transitional.dtd">
<html xmlns="http://www.w3.org/1999/xhtml" xml:lang="en" lang="en">
 <head>
  <title>
</title>
<meta http-equiv="Content-Type" content="text/html;charset=utf-8" />
  <meta name='ocr-system' content='tesseract 3.04.00' />
  <meta name='ocr-capabilities' content='ocr_page ocr_carea ocr_par ocr_line ocrx_word'/>
</head>
<body>
  <div class='ocr_page' id='page_1' title='image "./corpusdocumento05frgoog_0022.png"; bbox 0 0 3526 5522; ppageno 0'>
   <div class='ocr_carea' id='block_1_1' title="bbox 572 567 2455 630">
    <p class='ocr_par' dir='ltr' id='par_1_1' title="bbox 572 567 2455 630">
     <span class='ocr_line' id='line_1_1' title="bbox 572 567 2455 630; baseline 0.007 -12"><span class='ocrx_word' id='word_1_1' title='bbox 572 585 668 627; x_wconf 79' lang='lat' dir='ltr'><strong>m</strong></span> <span class='ocrx_word' id='word_1_2' title='bbox 1148 567 1485 623; x_wconf 76' lang='lat' dir='ltr'>LAATSTE</span> <span class='ocrx_word' id='word_1_3' title='bbox 1553 567 2024 624; x_wconf 76' lang='lat' dir='ltr'>NAGEKOMEN</span> <span class='ocrx_word' id='word_1_4' title='bbox 2092 573 2455 630; x_wconf 81' lang='lat' dir='ltr'><strong>sTUKKEN</strong></span> 
     </span>
    </p>
   </div>
   <div class='ocr_carea' id='block_1_2' title="bbox 565 732 3032 1700">
    <p class='ocr_par' dir='ltr' id='par_1_2' title="bbox 568 732 3032 963">
     <span class='ocr_line' id='line_1_2' title="bbox 568 732 3030 808; baseline 0.005 -22"><span class='ocrx_word' id='word_1_5' title='bbox 568 733 854 801; x_wconf 84' lang='lat' dir='ltr'><strong>Pragensi</strong></span> <span class='ocrx_word' id='word_1_6' title='bbox 877 732 1020 786; x_wconf 88' lang='lat' dir='ltr'><strong>etin</strong></span> <span class='ocrx_word' id='word_1_7' title='bbox 1046 732 1300 784; x_wconf 85' lang='lat' dir='ltr'><strong>dominio</strong></span> <span class='ocrx_word' id='word_1_8' title='bbox 1335 733 1461 798; x_wconf 75' lang='lat' dir='ltr'><strong>ejus</strong></span> <span class='ocrx_word' id='word_1_9' title='bbox 1484 732 1732 786; x_wconf 84' lang='lat' dir='ltr'><strong>civitatis</strong></span> <span class='ocrx_word' id='word_1_10' title='bbox 1755 733 1971 788; x_wconf 89' lang='lat' dir='ltr'><strong>habere</strong></span> <span class='ocrx_word' id='word_1_11' title='bbox 1992 735 2055 788; x_wconf 90' lang='lat' dir='ltr'><strong>in</strong></span> <span class='ocrx_word' id='word_1_12' title='bbox 2080 749 2280 790; x_wconf 89' lang='lat' dir='ltr'><strong>eorum</strong></span> <span class='ocrx_word' id='word_1_13' title='bbox 2302 738 2565 792; x_wconf 87' lang='lat' dir='ltr'><strong>manibus</strong></span> <span class='ocrx_word' id='word_1_14' title='bbox 2588 753 2785 797; x_wconf 71' lang='lat' dir='ltr'><strong>omnes</strong></span> <span class='ocrx_word' id='word_1_15' title='bbox 2806 755 3030 808; x_wconf 83' lang='lat' dir='ltr'><strong>posses·</strong></span> 
     </span>
     <span class='ocr_line' id='line_1_3' title="bbox 572 813 3032 881; baseline 0.004 -13"><span class='ocrx_word' id='word_1_16' title='bbox 572 817 786 875; x_wconf 85' lang='lat' dir='ltr'><strong>siones‚</strong></span> <span class='ocrx_word' id='word_1_17' title='bbox 823 827 962 879; x_wconf 89' lang='lat' dir='ltr'><strong>quas</strong></span> <span class='ocrx_word' id='word_1_18' title='bbox 998 826 1201 867; x_wconf 89' lang='lat' dir='ltr'><strong>eorum</strong></span> <span class='ocrx_word' id='word_1_19' title='bbox 1232 814 1563 867; x_wconf 86' lang='lat' dir='ltr'><strong>sacerdotes</strong></span> <span class='ocrx_word' id='word_1_20' title='bbox 1601 813 1865 868; x_wconf 86' lang='lat' dir='ltr'><strong>solebant</strong></span> <span class='ocrx_word' id='word_1_21' title='bbox 1895 816 2208 881; x_wconf 71' lang='lat' dir='ltr'><strong>possidere,</strong></span> <span class='ocrx_word' id='word_1_22' title='bbox 2253 822 2372 872; x_wconf 86' lang='lat' dir='ltr'><strong>tam</strong></span> <span class='ocrx_word' id='word_1_23' title='bbox 2415 819 2477 872; x_wconf 90' lang='lat' dir='ltr'><strong>in</strong></span> <span class='ocrx_word' id='word_1_24' title='bbox 2521 820 2688 873; x_wconf 90' lang='lat' dir='ltr'><strong>bonis</strong></span> <span class='ocrx_word' id='word_1_25' title='bbox 2726 821 3032 878; x_wconf 85' lang='lat' dir='ltr'><strong>mobilibus</strong></span> 
     </span>
     <span class='ocr_line' id='line_1_4' title="bbox 577 894 1328 963; baseline -0.005 -12"><span class='ocrx_word' id='word_1_26' title='bbox 577 911 748 963; x_wconf 88' lang='lat' dir='ltr'><strong>quam</strong></span> <span class='ocrx_word' id='word_1_27' title='bbox 770 898 832 950; x_wconf 91' lang='lat' dir='ltr'><strong>in</strong></span> <span class='ocrx_word' id='word_1_28' title='bbox 854 894 1328 950; x_wconf 74' lang='lat' dir='ltr'><strong>haereditatibus.</strong></span> 
     </span>
    </p>

    <p class='ocr_par' dir='ltr' id='par_1_3' title="bbox 565 975 3030 1360">
     <span class='ocr_line' id='line_1_5' title="bbox 640 975 3030 1046; baseline 0.004 -15"><span class='ocrx_word' id='word_1_29' title='bbox 640 978 888 1039; x_wconf 81' lang='lat' dir='ltr'><strong>Quartus</strong></span> <span class='ocrx_word' id='word_1_30' title='bbox 910 976 1185 1030; x_wconf 78' lang='lat' dir='ltr'><strong>articulus</strong></span> <span class='ocrx_word' id='word_1_31' title='bbox 1208 977 1312 1036; x_wconf 88' lang='lat' dir='ltr'><strong>est,</strong></span> <span class='ocrx_word' id='word_1_32' title='bbox 1331 977 1484 1041; x_wconf 90' lang='lat' dir='ltr'><strong>quod</strong></span> <span class='ocrx_word' id='word_1_33' title='bbox 1499 975 1827 1043; x_wconf 81' lang='lat' dir='ltr'><strong>presbyteri</strong></span> <span class='ocrx_word' id='word_1_34' title='bbox 1850 979 2165 1044; x_wconf 82' lang='lat' dir='ltr'><strong>antiquitus</strong></span> <span class='ocrx_word' id='word_1_35' title='bbox 2187 981 2590 1046; x_wconf 86' lang='lat' dir='ltr'><strong>ministrabant</strong></span> <span class='ocrx_word' id='word_1_36' title='bbox 2610 987 3030 1044; x_wconf 88' lang='lat' dir='ltr'><strong>sacramentum</strong></span> 
     </span>
     <span class='ocr_line' id='line_1_6' title="bbox 566 1057 3024 1133; baseline 0.004 -21"><span class='ocrx_word' id='word_1_37' title='bbox 566 1059 765 1113; x_wconf 88' lang='lat' dir='ltr'><strong>altaris</strong></span> <span class='ocrx_word' id='word_1_38' title='bbox 800 1059 1063 1111; x_wconf 88' lang='lat' dir='ltr'><strong>omnibus</strong></span> <span class='ocrx_word' id='word_1_39' title='bbox 1102 1057 1510 1111; x_wconf 81' lang='lat' dir='ltr'><strong>convenienter</strong></span> <span class='ocrx_word' id='word_1_40' title='bbox 1554 1058 1848 1123; x_wconf 72' lang='lat' dir='ltr'><strong>dispositis</strong></span> <span class='ocrx_word' id='word_1_41' title='bbox 1889 1060 1961 1112; x_wconf 91' lang='lat' dir='ltr'><strong>ad</strong></span> <span class='ocrx_word' id='word_1_42' title='bbox 2003 1061 2192 1127; x_wconf 89' lang='lat' dir='ltr'><strong>ipsum</strong></span> <span class='ocrx_word' id='word_1_43' title='bbox 2223 1064 2619 1130; x_wconf 88' lang='lat' dir='ltr'><strong>recipiendum</strong></span> <span class='ocrx_word' id='word_1_44' title='bbox 2658 1065 2765 1119; x_wconf 92' lang='lat' dir='ltr'><strong>sub</strong></span> <span class='ocrx_word' id='word_1_45' title='bbox 2805 1067 3024 1133; x_wconf 79' lang='lat' dir='ltr'><strong>duplici</strong></span> 
     </span>
     <span class='ocr_line' id='line_1_7' title="bbox 565 1139 3028 1216; baseline 0.004 -22"><span class='ocrx_word' id='word_1_46' title='bbox 565 1143 771 1209; x_wconf 88' lang='lat' dir='ltr'><strong>specie,</strong></span> <span class='ocrx_word' id='word_1_47' title='bbox 807 1140 1030 1194; x_wconf 87' lang='lat' dir='ltr'><strong>scilicet</strong></span> <span class='ocrx_word' id='word_1_48' title='bbox 1061 1140 1166 1193; x_wconf 89' lang='lat' dir='ltr'><strong>sub</strong></span> <span class='ocrx_word' id='word_1_49' title='bbox 1189 1139 1382 1206; x_wconf 88' lang='lat' dir='ltr'><strong>specie</strong></span> <span class='ocrx_word' id='word_1_50' title='bbox 1414 1139 1581 1205; x_wconf 89' lang='lat' dir='ltr'><strong>panis</strong></span> <span class='ocrx_word' id='word_1_51' title='bbox 1620 1141 1680 1192; x_wconf 89' lang='lat' dir='ltr'><strong>et</strong></span> <span class='ocrx_word' id='word_1_52' title='bbox 1712 1140 1866 1206; x_wconf 73' lang='lat' dir='ltr'><strong>vini3</strong></span> <span class='ocrx_word' id='word_1_53' title='bbox 1891 1142 1975 1194; x_wconf 90' lang='lat' dir='ltr'><strong>sic</strong></span> <span class='ocrx_word' id='word_1_54' title='bbox 2006 1143 2068 1196; x_wconf 90' lang='lat' dir='ltr'><strong>et</strong></span> <span class='ocrx_word' id='word_1_55' title='bbox 2093 1143 2266 1197; x_wconf 81' lang='lat' dir='ltr'><strong>Jesus</strong></span> <span class='ocrx_word' id='word_1_56' title='bbox 2300 1145 2560 1199; x_wconf 88' lang='lat' dir='ltr'><strong>Christus</strong></span> <span class='ocrx_word' id='word_1_57' title='bbox 2592 1149 2876 1216; x_wconf 74' lang='lat' dir='ltr'><strong>praecipit</strong></span> <span class='ocrx_word' id='word_1_58' title='bbox 2906 1151 3028 1203; x_wconf 82' lang='lat' dir='ltr'><strong>suis</strong></span> 
     </span>
     <span class='ocr_line' id='line_1_8' title="bbox 567 1220 3027 1291; baseline 0.004 -15"><span class='ocrx_word' id='word_1_59' title='bbox 567 1224 862 1291; x_wconf 82' lang='lat' dir='ltr'><strong>apostolis,</strong></span> <span class='ocrx_word' id='word_1_60' title='bbox 892 1223 1042 1276; x_wconf 88' lang='lat' dir='ltr'><strong>sicut</strong></span> <span class='ocrx_word' id='word_1_61' title='bbox 1063 1222 1304 1288; x_wconf 88' lang='lat' dir='ltr'><strong>apparet</strong></span> <span class='ocrx_word' id='word_1_62' title='bbox 1326 1220 1528 1274; x_wconf 84' lang='lat' dir='ltr'><strong>Matth.</strong></span> <span class='ocrx_word' id='word_1_63' title='bbox 1544 1220 1650 1283; x_wconf 67' lang='lat'><strong>26„</strong></span> <span class='ocrx_word' id='word_1_64' title='bbox 1669 1220 1851 1276; x_wconf 80' lang='lat' dir='ltr'><strong>Marc.</strong></span> <span class='ocrx_word' id='word_1_65' title='bbox 1878 1223 1956 1275; x_wconf 79' lang='lat'><strong>14.</strong></span> <span class='ocrx_word' id='word_1_66' title='bbox 1981 1227 2041 1277; x_wconf 87' lang='lat' dir='ltr'><strong>et</strong></span> <span class='ocrx_word' id='word_1_67' title='bbox 2063 1225 2200 1278; x_wconf 88' lang='lat' dir='ltr'><strong>Luc.</strong></span> <span class='ocrx_word' id='word_1_68' title='bbox 2226 1224 2307 1279; x_wconf 76' lang='lat'><strong>22.</strong></span> <span class='ocrx_word' id='word_1_69' title='bbox 2332 1228 2393 1280; x_wconf 91' lang='lat' dir='ltr'><strong>et</strong></span> <span class='ocrx_word' id='word_1_70' title='bbox 2414 1227 2473 1282; x_wconf 81' lang='grc'><strong>8.</strong></span> <span class='ocrx_word' id='word_1_71' title='bbox 2498 1229 2714 1284; x_wconf 87' lang='lat' dir='ltr'><strong>Paulus</strong></span> <span class='ocrx_word' id='word_1_72' title='bbox 2736 1231 3027 1290; x_wconf 82' lang='lat' dir='ltr'><strong>hoctesti-</strong></span> 
     </span>
     <span class='ocr_line' id='line_1_9' title="bbox 571 1305 1127 1360; baseline -0.002 -2"><span class='ocrx_word' id='word_1_73' title='bbox 571 1309 750 1360; x_wconf 86' lang='lat' dir='ltr'><strong>ficans</strong></span> <span class='ocrx_word' id='word_1_74' title='bbox 774 1308 824 1358; x_wconf 91' lang='lat'><strong>1.</strong></span> <span class='ocrx_word' id='word_1_75' title='bbox 849 1307 971 1358; x_wconf 87' lang='lat' dir='ltr'><strong>Cor.</strong></span> <span class='ocrx_word' id='word_1_76' title='bbox 998 1305 1127 1357; x_wconf 87' lang='lat'><strong>11...</strong></span> 
     </span>
    </p>

    <p class='ocr_par' dir='ltr' id='par_1_4' title="bbox 568 1385 3031 1700">
     <span class='ocr_line' id='line_1_10' title="bbox 634 1385 3031 1461; baseline 0.003 -20"><span class='ocrx_word' id='word_1_77' title='bbox 634 1390 711 1442; x_wconf 86' lang='lat' dir='ltr'><strong>Et</strong></span> <span class='ocrx_word' id='word_1_78' title='bbox 731 1401 831 1441; x_wconf 82' lang='lat' dir='ltr'><strong>vos</strong></span> <span class='ocrx_word' id='word_1_79' title='bbox 853 1388 1076 1449; x_wconf 78' lang='lat' dir='ltr'><strong>videtis,</strong></span> <span class='ocrx_word' id='word_1_80' title='bbox 1106 1386 1260 1452; x_wconf 91' lang='lat' dir='ltr'><strong>quod</strong></span> <span class='ocrx_word' id='word_1_81' title='bbox 1281 1387 1407 1438; x_wconf 75' lang='lat' dir='ltr'><strong>tere</strong></span> <span class='ocrx_word' id='word_1_82' title='bbox 1428 1385 1490 1437; x_wconf 89' lang='lat' dir='ltr'><strong>in</strong></span> <span class='ocrx_word' id='word_1_83' title='bbox 1514 1387 1636 1439; x_wconf 90' lang='lat' dir='ltr'><strong>tota</strong></span> <span class='ocrx_word' id='word_1_84' title='bbox 1669 1387 1830 1439; x_wconf 87' lang='lat' dir='ltr'><strong>terra</strong></span> <span class='ocrx_word' id='word_1_85' title='bbox 1849 1389 2052 1441; x_wconf 81' lang='lat' dir='ltr'><strong>vocata</strong></span> <span class='ocrx_word' id='word_1_86' title='bbox 2082 1388 2399 1444; x_wconf 84' lang='lat' dir='ltr'><strong>christiana</strong></span> <span class='ocrx_word' id='word_1_87' title='bbox 2418 1394 2869 1447; x_wconf 86' lang='lat' dir='ltr'><strong>communicatur</strong></span> <span class='ocrx_word' id='word_1_88' title='bbox 2889 1408 3031 1461; x_wconf 89' lang='lat' dir='ltr'><strong>pau·</strong></span> 
     </span>
     <span class='ocr_line' id='line_1_11' title="bbox 568 1468 3026 1544; baseline 0.003 -22"><span class='ocrx_word' id='word_1_89' title='bbox 568 1472 698 1538; x_wconf 89' lang='lat' dir='ltr'><strong>peri</strong></span> <span class='ocrx_word' id='word_1_90' title='bbox 720 1469 931 1537; x_wconf 90' lang='lat' dir='ltr'><strong>populo</strong></span> <span class='ocrx_word' id='word_1_91' title='bbox 956 1471 1187 1521; x_wconf 88' lang='lat' dir='ltr'><strong>omnino</strong></span> <span class='ocrx_word' id='word_1_92' title='bbox 1212 1468 1284 1520; x_wconf 91' lang='lat' dir='ltr'><strong>ad</strong></span> <span class='ocrx_word' id='word_1_93' title='bbox 1305 1468 1674 1526; x_wconf 83' lang='lat' dir='ltr'><strong>contrarium.</strong></span> <span class='ocrx_word' id='word_1_94' title='bbox 1699 1468 1921 1522; x_wconf 85' lang='lat' dir='ltr'><strong>scilicet</strong></span> <span class='ocrx_word' id='word_1_95' title='bbox 1950 1470 2055 1523; x_wconf 89' lang='lat' dir='ltr'><strong>sub</strong></span> <span class='ocrx_word' id='word_1_96' title='bbox 2079 1484 2194 1523; x_wconf 91' lang='lat' dir='ltr'><strong>una</strong></span> <span class='ocrx_word' id='word_1_97' title='bbox 2228 1473 2419 1538; x_wconf 89' lang='lat' dir='ltr'><strong>specie</strong></span> <span class='ocrx_word' id='word_1_98' title='bbox 2451 1474 2615 1540; x_wconf 92' lang='lat' dir='ltr'><strong>panis</strong></span> <span class='ocrx_word' id='word_1_99' title='bbox 2639 1478 2843 1529; x_wconf 90' lang='lat' dir='ltr'><strong>contra</strong></span> <span class='ocrx_word' id='word_1_100' title='bbox 2863 1490 3026 1544; x_wconf 90' lang='lat' dir='ltr'><strong>prae·</strong></span> 
     </span>
     <span class='ocr_line' id='line_1_12' title="bbox 572 1548 3027 1625; baseline 0.002 -19"><span class='ocrx_word' id='word_1_101' title='bbox 572 1555 781 1606; x_wconf 89' lang='lat' dir='ltr'><strong>dictam</strong></span> <span class='ocrx_word' id='word_1_102' title='bbox 825 1551 1246 1604; x_wconf 86' lang='lat' dir='ltr'><strong>institutionem</strong></span> <span class='ocrx_word' id='word_1_103' title='bbox 1288 1549 1324 1602; x_wconf 85' lang='lat' dir='ltr'><strong>J</strong></span> <span class='ocrx_word' id='word_1_104' title='bbox 1327 1562 1430 1602; x_wconf 89' lang='lat' dir='ltr'><strong>esu</strong></span> <span class='ocrx_word' id='word_1_105' title='bbox 1476 1548 1709 1602; x_wconf 82' lang='lat' dir='ltr'><strong>Christi.</strong></span> <span class='ocrx_word' id='word_1_106' title='bbox 1756 1551 1892 1612; x_wconf 81' lang='lat' dir='ltr'><strong>Vae,</strong></span> <span class='ocrx_word' id='word_1_107' title='bbox 1948 1565 2054 1605; x_wconf 84' lang='lat' dir='ltr'><strong>vae</strong></span> <span class='ocrx_word' id='word_1_108' title='bbox 2111 1554 2304 1619; x_wconf 87' lang='lat' dir='ltr'><strong>Papae</strong></span> <span class='ocrx_word' id='word_1_109' title='bbox 2349 1556 2411 1608; x_wconf 92' lang='lat' dir='ltr'><strong>et</strong></span> <span class='ocrx_word' id='word_1_110' title='bbox 2464 1570 2567 1609; x_wconf 90' lang='lat' dir='ltr'><strong>suo</strong></span> <span class='ocrx_word' id='word_1_111' title='bbox 2612 1556 2888 1625; x_wconf 84' lang='lat' dir='ltr'><strong>collegio.</strong></span> <span class='ocrx_word' id='word_1_112' title='bbox 2945 1558 3027 1610; x_wconf 85' lang='lat' dir='ltr'><strong>sic</strong></span> 
     </span>
     <span class='ocr_line' id='line_1_13' title="bbox 571 1632 2810 1700; baseline 0.001 -11"><span class='ocrx_word' id='word_1_113' title='bbox 571 1636 910 1689; x_wconf 83' lang='lat' dir='ltr'><strong>ducentibus</strong></span> <span class='ocrx_word' id='word_1_114' title='bbox 933 1632 1177 1700; x_wconf 84' lang='lat' dir='ltr'><strong>populos</strong></span> <span class='ocrx_word' id='word_1_115' title='bbox 1201 1633 1262 1684; x_wconf 91' lang='lat' dir='ltr'><strong>in</strong></span> <span class='ocrx_word' id='word_1_116' title='bbox 1286 1633 1551 1697; x_wconf 86' lang='lat' dir='ltr'><strong>mortem,</strong></span> <span class='ocrx_word' id='word_1_117' title='bbox 1578 1647 1692 1685; x_wconf 90' lang='lat' dir='ltr'><strong>non</strong></span> <span class='ocrx_word' id='word_1_118' title='bbox 1717 1632 1905 1686; x_wconf 90' lang='lat' dir='ltr'><strong>solum</strong></span> <span class='ocrx_word' id='word_1_119' title='bbox 1927 1635 2303 1700; x_wconf 77' lang='lat' dir='ltr'><strong>corporalem,</strong></span> <span class='ocrx_word' id='word_1_120' title='bbox 2327 1638 2429 1689; x_wconf 88' lang='lat' dir='ltr'><strong>sed</strong></span> <span class='ocrx_word' id='word_1_121' title='bbox 2449 1639 2810 1693; x_wconf 74' lang='lat' dir='ltr'><strong>aeternam...</strong></span> 
     </span>
    </p>
   </div>
   <div class='ocr_carea' id='block_1_3' title="bbox 558 1714 3028 4651">
    <p class='ocr_par' dir='ltr' id='par_1_5' title="bbox 565 1714 3028 2191">
     <span class='ocr_line' id='line_1_14' title="bbox 631 1714 3024 1784; baseline 0.002 -13"><span class='ocrx_word' id='word_1_122' title='bbox 631 1719 780 1771; x_wconf 85' lang='lat' dir='ltr'><strong>Item</strong></span> <span class='ocrx_word' id='word_1_123' title='bbox 814 1717 1038 1779; x_wconf 84' lang='lat' dir='ltr'><strong>scitote,</strong></span> <span class='ocrx_word' id='word_1_124' title='bbox 1064 1714 1216 1780; x_wconf 91' lang='lat' dir='ltr'><strong>quod</strong></span> <span class='ocrx_word' id='word_1_125' title='bbox 1247 1714 1459 1781; x_wconf 81' lang='lat' dir='ltr'><strong>imago,</strong></span> <span class='ocrx_word' id='word_1_126' title='bbox 1495 1714 1808 1780; x_wconf 88' lang='lat' dir='ltr'><strong>sculptura,</strong></span> <span class='ocrx_word' id='word_1_127' title='bbox 1835 1715 2073 1784; x_wconf 81' lang='lat' dir='ltr'><strong>idolum,</strong></span> <span class='ocrx_word' id='word_1_128' title='bbox 2099 1718 2289 1770; x_wconf 84' lang='lat' dir='ltr'><strong>statua</strong></span> <span class='ocrx_word' id='word_1_129' title='bbox 2320 1719 2421 1772; x_wconf 88' lang='lat' dir='ltr'><strong>aut</strong></span> <span class='ocrx_word' id='word_1_130' title='bbox 2452 1719 2881 1782; x_wconf 80' lang='lat' dir='ltr'><strong>simulachrum,</strong></span> <span class='ocrx_word' id='word_1_131' title='bbox 2907 1736 3024 1775; x_wconf 91' lang='lat' dir='ltr'><strong>om·</strong></span> 
     </span>
     <span class='ocr_line' id='line_1_15' title="bbox 567 1794 3025 1868; baseline 0.002 -17"><span class='ocrx_word' id='word_1_132' title='bbox 567 1800 663 1852; x_wconf 89' lang='lat' dir='ltr'><strong>nia</strong></span> <span class='ocrx_word' id='word_1_133' title='bbox 699 1798 844 1851; x_wconf 90' lang='lat' dir='ltr'><strong>haec</strong></span> <span class='ocrx_word' id='word_1_134' title='bbox 882 1797 1016 1848; x_wconf 90' lang='lat' dir='ltr'><strong>sunt</strong></span> <span class='ocrx_word' id='word_1_135' title='bbox 1048 1808 1247 1847; x_wconf 88' lang='lat' dir='ltr'><strong>unum.</strong></span> <span class='ocrx_word' id='word_1_136' title='bbox 1288 1794 1398 1846; x_wconf 87' lang='lat' dir='ltr'><strong>Hic</strong></span> <span class='ocrx_word' id='word_1_137' title='bbox 1437 1807 1541 1846; x_wconf 87' lang='lat' dir='ltr'><strong>nos</strong></span> <span class='ocrx_word' id='word_1_138' title='bbox 1581 1794 1791 1846; x_wconf 89' lang='lat' dir='ltr'><strong>docent</strong></span> <span class='ocrx_word' id='word_1_139' title='bbox 1830 1794 2178 1861; x_wconf 81' lang='lat' dir='ltr'><strong>Scripturas,</strong></span> <span class='ocrx_word' id='word_1_140' title='bbox 2223 1799 2375 1862; x_wconf 90' lang='lat' dir='ltr'><strong>quod</strong></span> <span class='ocrx_word' id='word_1_141' title='bbox 2413 1798 2503 1852; x_wconf 91' lang='lat' dir='ltr'><strong>illi</strong></span> <span class='ocrx_word' id='word_1_142' title='bbox 2543 1801 2680 1852; x_wconf 83' lang='lat' dir='ltr'><strong>sunt</strong></span> <span class='ocrx_word' id='word_1_143' title='bbox 2715 1802 3025 1868; x_wconf 85' lang='lat' dir='ltr'><strong>propinqui</strong></span> 
     </span>
     <span class='ocr_line' id='line_1_16' title="bbox 567 1875 3026 1951; baseline 0.001 -18"><span class='ocrx_word' id='word_1_144' title='bbox 567 1880 892 1933; x_wconf 71' lang='lat' dir='ltr'><strong>confusioni</strong></span> <span class='ocrx_word' id='word_1_145' title='bbox 934 1879 995 1930; x_wconf 90' lang='lat' dir='ltr'><strong>et</strong></span> <span class='ocrx_word' id='word_1_146' title='bbox 1045 1876 1377 1944; x_wconf 85' lang='lat' dir='ltr'><strong>perditioni,</strong></span> <span class='ocrx_word' id='word_1_147' title='bbox 1423 1876 1523 1941; x_wconf 90' lang='lat' dir='ltr'><strong>qui</strong></span> <span class='ocrx_word' id='word_1_148' title='bbox 1569 1875 1769 1929; x_wconf 90' lang='lat' dir='ltr'><strong>colunt</strong></span> <span class='ocrx_word' id='word_1_149' title='bbox 1808 1879 1909 1929; x_wconf 90' lang='lat' dir='ltr'><strong>aut</strong></span> <span class='ocrx_word' id='word_1_150' title='bbox 1950 1878 2171 1931; x_wconf 71' lang='lat' dir='ltr'><strong>iaciunt</strong></span> <span class='ocrx_word' id='word_1_151' title='bbox 2223 1880 2505 1948; x_wconf 79' lang='lat' dir='ltr'><strong>imagines</strong></span> <span class='ocrx_word' id='word_1_152' title='bbox 2561 1884 2663 1935; x_wconf 88' lang='lat' dir='ltr'><strong>aut</strong></span> <span class='ocrx_word' id='word_1_153' title='bbox 2704 1882 3026 1951; x_wconf 86' lang='lat' dir='ltr'><strong>sculpturas</strong></span> 
     </span>
     <span class='ocr_line' id='line_1_17' title="bbox 569 1959 3028 2029; baseline 0.001 -15"><span class='ocrx_word' id='word_1_154' title='bbox 569 1974 954 2028; x_wconf 81' lang='lat' dir='ltr'><strong>quascumque</strong></span> <span class='ocrx_word' id='word_1_155' title='bbox 992 1959 1195 2011; x_wconf 88' lang='lat' dir='ltr'><strong>contra</strong></span> <span class='ocrx_word' id='word_1_156' title='bbox 1232 1959 1496 2012; x_wconf 86' lang='lat' dir='ltr'><strong>tenorem</strong></span> <span class='ocrx_word' id='word_1_157' title='bbox 1536 1959 1811 2012; x_wconf 85' lang='lat' dir='ltr'><strong>antedicti</strong></span> <span class='ocrx_word' id='word_1_158' title='bbox 1849 1960 2023 2026; x_wconf 86' lang='lat' dir='ltr'><strong>primi</strong></span> <span class='ocrx_word' id='word_1_159' title='bbox 2065 1961 2336 2015; x_wconf 86' lang='lat' dir='ltr'><strong>mandati.</strong></span> <span class='ocrx_word' id='word_1_160' title='bbox 2376 1962 2452 2015; x_wconf 87' lang='lat' dir='ltr'><strong>Et</strong></span> <span class='ocrx_word' id='word_1_161' title='bbox 2487 1964 2674 2029; x_wconf 92' lang='lat' dir='ltr'><strong>primo</strong></span> <span class='ocrx_word' id='word_1_162' title='bbox 2716 1964 2828 2017; x_wconf 90' lang='lat' dir='ltr'><strong>hoc</strong></span> <span class='ocrx_word' id='word_1_163' title='bbox 2867 1964 3028 2017; x_wconf 87' lang='lat' dir='ltr'><strong>nobis</strong></span> 
     </span>
     <span class='ocr_line' id='line_1_18' title="bbox 569 2041 3028 2114; baseline 0.002 -19"><span class='ocrx_word' id='word_1_164' title='bbox 569 2043 925 2098; x_wconf 87' lang='lat' dir='ltr'><strong>demonstrat</strong></span> <span class='ocrx_word' id='word_1_165' title='bbox 946 2041 1194 2108; x_wconf 83' lang='lat' dir='ltr'><strong>Spiritus</strong></span> <span class='ocrx_word' id='word_1_166' title='bbox 1217 2041 1457 2094; x_wconf 85' lang='lat' dir='ltr'><strong>Sanctus</strong></span> <span class='ocrx_word' id='word_1_167' title='bbox 1489 2053 1596 2106; x_wconf 91' lang='lat' dir='ltr'><strong>per</strong></span> <span class='ocrx_word' id='word_1_168' title='bbox 1630 2056 1694 2093; x_wconf 91' lang='lat' dir='ltr'><strong>os</strong></span> <span class='ocrx_word' id='word_1_169' title='bbox 1722 2041 1902 2094; x_wconf 78' lang='lat' dir='ltr'><strong>David</strong></span> <span class='ocrx_word' id='word_1_170' title='bbox 1927 2042 2208 2097; x_wconf 84' lang='lat' dir='ltr'><strong>dicentis:</strong></span> <span class='ocrx_word' id='word_1_171' title='bbox 2243 2042 2677 2112; x_wconf 66' lang='lat' dir='ltr'><strong>Confimdamw·</strong></span> <span class='ocrx_word' id='word_1_172' title='bbox 2698 2060 2904 2107; x_wconf 74' lang='lat' dir='ltr'><strong>omnes,</strong></span> <span class='ocrx_word' id='word_1_173' title='bbox 2929 2048 3028 2114; x_wconf 71' lang='lat' dir='ltr'><strong>qui</strong></span> 
     </span>
     <span class='ocr_line' id='line_1_19' title="bbox 565 2120 2452 2191; baseline -0.001 -11"><span class='ocrx_word' id='word_1_174' title='bbox 565 2125 812 2180; x_wconf 76' lang='lat' dir='ltr'><strong>adorant</strong></span> <span class='ocrx_word' id='word_1_175' title='bbox 842 2121 1131 2191; x_wconf 74' lang='lat' dir='ltr'><strong>sculptilia</strong></span> <span class='ocrx_word' id='word_1_176' title='bbox 1152 2129 1204 2175; x_wconf 75' lang='lat' dir='ltr'><strong>et</strong></span> <span class='ocrx_word' id='word_1_177' title='bbox 1238 2123 1337 2190; x_wconf 78' lang='lat' dir='ltr'><strong>qui</strong></span> <span class='ocrx_word' id='word_1_178' title='bbox 1353 2120 1682 2190; x_wconf 62' lang='lat' dir='ltr'><strong>gloriamur</strong></span> <span class='ocrx_word' id='word_1_179' title='bbox 1703 2123 1768 2174; x_wconf 76' lang='lat' dir='ltr'><strong>in</strong></span> <span class='ocrx_word' id='word_1_180' title='bbox 1789 2125 1913 2176; x_wconf 70' lang='lat' dir='ltr'><strong>suis</strong></span> <span class='ocrx_word' id='word_1_181' title='bbox 1934 2121 2314 2186; x_wconf 67' lang='lat' dir='ltr'><strong>simulachris.</strong></span> <span class='ocrx_word' id='word_1_182' title='bbox 2338 2127 2452 2180; x_wconf 88' lang='lat' dir='ltr'><strong>etc.</strong></span> 
     </span>
    </p>

    <p class='ocr_par' dir='ltr' id='par_1_6' title="bbox 565 2202 3027 2511">
     <span class='ocr_line' id='line_1_20' title="bbox 631 2202 3024 2272; baseline 0.002 -11"><span class='ocrx_word' id='word_1_183' title='bbox 631 2207 903 2272; x_wconf 82' lang='lat' dir='ltr'><strong>Sequitur</strong></span> <span class='ocrx_word' id='word_1_184' title='bbox 935 2206 1118 2258; x_wconf 88' lang='lat' dir='ltr'><strong>status</strong></span> <span class='ocrx_word' id='word_1_185' title='bbox 1151 2202 1431 2258; x_wconf 84' lang='lat' dir='ltr'><strong>ecclesiae</strong></span> <span class='ocrx_word' id='word_1_186' title='bbox 1464 2205 1806 2269; x_wconf 85' lang='lat' dir='ltr'><strong>praesentis,</strong></span> <span class='ocrx_word' id='word_1_187' title='bbox 1842 2206 1915 2258; x_wconf 88' lang='lat' dir='ltr'><strong>de</strong></span> <span class='ocrx_word' id='word_1_188' title='bbox 1939 2219 2053 2270; x_wconf 89' lang='lat' dir='ltr'><strong>qua</strong></span> <span class='ocrx_word' id='word_1_189' title='bbox 2074 2205 2255 2259; x_wconf 83' lang='lat' dir='ltr'><strong>David</strong></span> <span class='ocrx_word' id='word_1_190' title='bbox 2289 2205 2545 2272; x_wconf 88' lang='lat' dir='ltr'><strong>loquitur</strong></span> <span class='ocrx_word' id='word_1_191' title='bbox 2578 2209 2775 2263; x_wconf 87' lang='lat' dir='ltr'><strong>dicens</strong></span> <span class='ocrx_word' id='word_1_192' title='bbox 2801 2223 2817 2262; x_wconf 73' lang='grc' dir='ltr'><em>τ</em></span> <span class='ocrx_word' id='word_1_193' title='bbox 2856 2209 3024 2265; x_wconf 75' lang='lat' dir='ltr'><strong>odivi</strong></span> 
     </span>
     <span class='ocr_line' id='line_1_21' title="bbox 567 2285 3027 2358; baseline 0.001 -16"><span class='ocrx_word' id='word_1_194' title='bbox 567 2287 857 2342; x_wconf 70' lang='lat' dir='ltr'><strong>ecclesiam</strong></span> <span class='ocrx_word' id='word_1_195' title='bbox 878 2285 1344 2354; x_wconf 62' lang='lat' dir='ltr'><strong>maziqnanaum,</strong></span> <span class='ocrx_word' id='word_1_196' title='bbox 1369 2296 1516 2349; x_wconf 90' lang='lat' dir='ltr'><strong>quae</strong></span> <span class='ocrx_word' id='word_1_197' title='bbox 1539 2285 1824 2351; x_wconf 76' lang='lat' dir='ltr'><strong>figuratur</strong></span> <span class='ocrx_word' id='word_1_198' title='bbox 1844 2298 1952 2351; x_wconf 87' lang='lat' dir='ltr'><strong>per</strong></span> <span class='ocrx_word' id='word_1_199' title='bbox 1984 2286 2276 2340; x_wconf 78' lang='lat' dir='ltr'><strong>civitatem</strong></span> <span class='ocrx_word' id='word_1_200' title='bbox 2308 2287 2662 2354; x_wconf 80' lang='lat' dir='ltr'><strong>Babyloniae</strong></span> <span class='ocrx_word' id='word_1_201' title='bbox 2687 2294 3027 2358; x_wconf 79' lang='lat' dir='ltr'><strong>regnantem</strong></span> 
     </span>
     <span class='ocr_line' id='line_1_22' title="bbox 565 2365 3027 2438; baseline 0.002 -15"><span class='ocrx_word' id='word_1_202' title='bbox 565 2372 715 2424; x_wconf 90' lang='lat' dir='ltr'><strong>sicut</strong></span> <span class='ocrx_word' id='word_1_203' title='bbox 745 2383 918 2437; x_wconf 87' lang='lat' dir='ltr'><strong>reges</strong></span> <span class='ocrx_word' id='word_1_204' title='bbox 953 2370 1166 2427; x_wconf 84' lang='lat' dir='ltr'><strong>terrae,</strong></span> <span class='ocrx_word' id='word_1_205' title='bbox 1202 2367 1353 2419; x_wconf 91' lang='lat' dir='ltr'><strong>sicut</strong></span> <span class='ocrx_word' id='word_1_206' title='bbox 1394 2365 1633 2432; x_wconf 81' lang='lat' dir='ltr'><strong>angelus</strong></span> <span class='ocrx_word' id='word_1_207' title='bbox 1667 2365 1910 2432; x_wconf 88' lang='lat' dir='ltr'><strong>loquens</strong></span> <span class='ocrx_word' id='word_1_208' title='bbox 1947 2370 2143 2420; x_wconf 87' lang='lat' dir='ltr'><strong>sancto</strong></span> <span class='ocrx_word' id='word_1_209' title='bbox 2183 2368 2219 2421; x_wconf 85' lang='lat' dir='ltr'>J</span> <span class='ocrx_word' id='word_1_210' title='bbox 2223 2369 2436 2421; x_wconf 86' lang='lat' dir='ltr'><strong>ohanni</strong></span> <span class='ocrx_word' id='word_1_211' title='bbox 2469 2370 2531 2422; x_wconf 89' lang='lat' dir='ltr'><strong>in</strong></span> <span class='ocrx_word' id='word_1_212' title='bbox 2563 2371 2912 2438; x_wconf 81' lang='lat' dir='ltr'><strong>Apocalypsi</strong></span> <span class='ocrx_word' id='word_1_213' title='bbox 2946 2373 3027 2429; x_wconf 88' lang='grc'><strong>18.</strong></span> 
     </span>
     <span class='ocr_line' id='line_1_23' title="bbox 569 2450 1255 2511; baseline -0.007 -6"><span class='ocrx_word' id='word_1_214' title='bbox 569 2454 736 2506; x_wconf 88' lang='lat' dir='ltr'><strong>nobis</strong></span> <span class='ocrx_word' id='word_1_215' title='bbox 759 2451 1118 2511; x_wconf 82' lang='lat' dir='ltr'><strong>testificatur,</strong></span> <span class='ocrx_word' id='word_1_216' title='bbox 1144 2450 1255 2501; x_wconf 87' lang='lat' dir='ltr'><strong>etc.</strong></span> 
     </span>
    </p>

    <p class='ocr_par' dir='ltr' id='par_1_7' title="bbox 568 2530 3027 2684">
     <span class='ocr_line' id='line_1_24' title="bbox 634 2530 3027 2603; baseline 0.002 -17"><span class='ocrx_word' id='word_1_217' title='bbox 634 2534 872 2603; x_wconf 87' lang='lat' dir='ltr'><strong>(Postea</strong></span> <span class='ocrx_word' id='word_1_218' title='bbox 914 2532 1234 2597; x_wconf 89' lang='lat' dir='ltr'><strong>sequuntur</strong></span> <span class='ocrx_word' id='word_1_219' title='bbox 1273 2530 1614 2596; x_wconf 86' lang='lat' dir='ltr'><strong>prophetiae</strong></span> <span class='ocrx_word' id='word_1_220' title='bbox 1660 2530 2072 2584; x_wconf 86' lang='lat' dir='ltr'><strong>denunciantes</strong></span> <span class='ocrx_word' id='word_1_221' title='bbox 2111 2533 2412 2586; x_wconf 85' lang='lat' dir='ltr'><strong>interitum</strong></span> <span class='ocrx_word' id='word_1_222' title='bbox 2449 2535 2708 2588; x_wconf 76' lang='lat' dir='ltr'><strong>tuturum</strong></span> <span class='ocrx_word' id='word_1_223' title='bbox 2749 2536 3027 2590; x_wconf 83' lang='lat' dir='ltr'><strong>ecclesiae</strong></span> 
     </span>
     <span class='ocr_line' id='line_1_25' title="bbox 568 2612 1808 2684; baseline -0.008 -12"><span class='ocrx_word' id='word_1_224' title='bbox 568 2617 889 2684; x_wconf 86' lang='lat' dir='ltr'><strong>praesentis</strong></span> <span class='ocrx_word' id='word_1_225' title='bbox 911 2613 1382 2668; x_wconf 88' lang='lat' dir='ltr'><strong>antichristianae</strong></span> <span class='ocrx_word' id='word_1_226' title='bbox 1407 2612 1808 2676; x_wconf 87' lang='lat' dir='ltr'><strong>antedictae...)</strong></span> 
     </span>
    </p>

    <p class='ocr_par' dir='ltr' id='par_1_8' title="bbox 635 2693 2494 2767">
     <span class='ocr_line' id='line_1_26' title="bbox 635 2693 2494 2767; baseline -0.002 -14"><span class='ocrx_word' id='word_1_227' title='bbox 635 2700 928 2767; x_wconf 83' lang='lat' dir='ltr'><strong>(sequitur</strong></span> <span class='ocrx_word' id='word_1_228' title='bbox 949 2696 1199 2763; x_wconf 88' lang='lat' dir='ltr'><strong>qualiter</strong></span> <span class='ocrx_word' id='word_1_229' title='bbox 1221 2695 1410 2747; x_wconf 90' lang='lat' dir='ltr'><strong>subito</strong></span> <span class='ocrx_word' id='word_1_230' title='bbox 1435 2694 1562 2759; x_wconf 73' lang='lat' dir='ltr'><strong>eius</strong></span> <span class='ocrx_word' id='word_1_231' title='bbox 1583 2693 1855 2747; x_wconf 88' lang='lat' dir='ltr'><strong>interitus</strong></span> <span class='ocrx_word' id='word_1_232' title='bbox 1879 2695 2071 2748; x_wconf 81' lang='lat' dir='ltr'><strong>veniet</strong></span> <span class='ocrx_word' id='word_1_233' title='bbox 2098 2710 2112 2747; x_wconf 73' lang='lat' dir='ltr'><strong><em>z</em></strong></span> <span class='ocrx_word' id='word_1_234' title='bbox 2137 2695 2315 2761; x_wconf 81' lang='lat' dir='ltr'><strong>Apoc.</strong></span> <span class='ocrx_word' id='word_1_235' title='bbox 2342 2697 2494 2763; x_wconf 89' lang='lat'><strong>18...)</strong></span> 
     </span>
    </p>

    <p class='ocr_par' dir='ltr' id='par_1_9' title="bbox 561 2777 3024 2923">
     <span class='ocr_line' id='line_1_27' title="bbox 628 2777 3024 2851; baseline 0.001 -16"><span class='ocrx_word' id='word_1_236' title='bbox 628 2783 921 2850; x_wconf 86' lang='lat' dir='ltr'><strong>(Sequitur</strong></span> <span class='ocrx_word' id='word_1_237' title='bbox 941 2781 1123 2845; x_wconf 85' lang='lat' dir='ltr'><strong>ipsius</strong></span> <span class='ocrx_word' id='word_1_238' title='bbox 1147 2778 1460 2832; x_wconf 86' lang='lat' dir='ltr'><strong>destructio</strong></span> <span class='ocrx_word' id='word_1_239' title='bbox 1484 2797 1497 2826; x_wconf 72' lang='grc' dir='ltr'><strong>ε</strong></span> <span class='ocrx_word' id='word_1_240' title='bbox 1519 2777 1654 2829; x_wconf 86' lang='lat' dir='ltr'><strong>Isa&#39;i.</strong></span> <span class='ocrx_word' id='word_1_241' title='bbox 1681 2778 1742 2828; x_wconf 84' lang='lat'><strong>21</strong></span> <span class='ocrx_word' id='word_1_242' title='bbox 1767 2792 1782 2829; x_wconf 75' lang='grc' dir='ltr'><strong><em>ε</em></strong></span> <span class='ocrx_word' id='word_1_243' title='bbox 1807 2777 2033 2840; x_wconf 70' lang='lat' dir='ltr'><strong>Cecidit,</strong></span> <span class='ocrx_word' id='word_1_244' title='bbox 2057 2777 2252 2832; x_wconf 74' lang='lat' dir='ltr'><strong>cecidit</strong></span> <span class='ocrx_word' id='word_1_245' title='bbox 2268 2779 2546 2849; x_wconf 76' lang='lat' dir='ltr'><strong>Babylon,</strong></span> <span class='ocrx_word' id='word_1_246' title='bbox 2569 2789 2621 2835; x_wconf 77' lang='lat' dir='ltr'><strong>et</strong></span> <span class='ocrx_word' id='word_1_247' title='bbox 2637 2784 2832 2836; x_wconf 77' lang='lat' dir='ltr'><strong>onmia</strong></span> <span class='ocrx_word' id='word_1_248' title='bbox 2846 2783 3024 2851; x_wconf 75' lang='lat' dir='ltr'><strong>sculp-</strong></span> 
     </span>
     <span class='ocr_line' id='line_1_28' title="bbox 561 2860 1991 2923; baseline -0.005 -5"><span class='ocrx_word' id='word_1_249' title='bbox 561 2864 694 2920; x_wconf 72' lang='lat' dir='ltr'><strong>tilia</strong></span> <span class='ocrx_word' id='word_1_250' title='bbox 717 2865 963 2917; x_wconf 73' lang='lat' dir='ltr'><strong>Deorum</strong></span> <span class='ocrx_word' id='word_1_251' title='bbox 983 2875 1215 2914; x_wconf 65' lang='lat' dir='ltr'><strong>suonam</strong></span> <span class='ocrx_word' id='word_1_252' title='bbox 1238 2860 1479 2913; x_wconf 69' lang='lat' dir='ltr'><strong>coner-ita</strong></span> <span class='ocrx_word' id='word_1_253' title='bbox 1499 2867 1629 2911; x_wconf 76' lang='lat' dir='ltr'><strong>sunt</strong></span> <span class='ocrx_word' id='word_1_254' title='bbox 1662 2862 1726 2911; x_wconf 78' lang='lat' dir='ltr'><strong>in</strong></span> <span class='ocrx_word' id='word_1_255' title='bbox 1750 2860 1991 2923; x_wconf 61' lang='lat' dir='ltr'><strong>tetra...)</strong></span> 
     </span>
    </p>

    <p class='ocr_par' dir='ltr' id='par_1_10' title="bbox 562 2941 3023 3092">
     <span class='ocr_line' id='line_1_29' title="bbox 629 2941 3023 3013; baseline 0.002 -16"><span class='ocrx_word' id='word_1_256' title='bbox 629 2945 924 3013; x_wconf 88' lang='lat' dir='ltr'><strong>(Sequitur</strong></span> <span class='ocrx_word' id='word_1_257' title='bbox 947 2942 1232 3007; x_wconf 89' lang='lat' dir='ltr'><strong>quomodo</strong></span> <span class='ocrx_word' id='word_1_258' title='bbox 1257 2954 1455 2993; x_wconf 89' lang='lat' dir='ltr'><strong>omnes</strong></span> <span class='ocrx_word' id='word_1_259' title='bbox 1489 2941 1694 3007; x_wconf 89' lang='lat' dir='ltr'><strong>gentes</strong></span> <span class='ocrx_word' id='word_1_260' title='bbox 1728 2941 2052 2995; x_wconf 85' lang='lat' dir='ltr'><strong>inebriatae</strong></span> <span class='ocrx_word' id='word_1_261' title='bbox 2085 2943 2221 2994; x_wconf 91' lang='lat' dir='ltr'><strong>sunt</strong></span> <span class='ocrx_word' id='word_1_262' title='bbox 2241 2942 2374 2995; x_wconf 82' lang='lat' dir='ltr'><strong>vino</strong></span> <span class='ocrx_word' id='word_1_263' title='bbox 2397 2958 2629 2998; x_wconf 88' lang='lat' dir='ltr'><strong>suarum</strong></span> <span class='ocrx_word' id='word_1_264' title='bbox 2647 2946 3023 3001; x_wconf 88' lang='lat' dir='ltr'><strong>abominatio-</strong></span> 
     </span>
     <span class='ocr_line' id='line_1_30' title="bbox 562 3023 1709 3092; baseline -0.007 -11"><span class='ocrx_word' id='word_1_265' title='bbox 562 3042 715 3090; x_wconf 83' lang='lat' dir='ltr'><strong>num,</strong></span> <span class='ocrx_word' id='word_1_266' title='bbox 739 3028 886 3079; x_wconf 85' lang='lat' dir='ltr'><strong>sicut</strong></span> <span class='ocrx_word' id='word_1_267' title='bbox 908 3024 1150 3092; x_wconf 89' lang='lat' dir='ltr'><strong>apparet</strong></span> <span class='ocrx_word' id='word_1_268' title='bbox 1168 3024 1349 3088; x_wconf 81' lang='lat' dir='ltr'><strong>Apoc.</strong></span> <span class='ocrx_word' id='word_1_269' title='bbox 1377 3023 1502 3075; x_wconf 88' lang='grc'><strong>17...</strong></span> <span class='ocrx_word' id='word_1_270' title='bbox 1533 3024 1709 3087; x_wconf 88' lang='lat' dir='ltr'><strong>etc...)</strong></span> 
     </span>
    </p>

    <p class='ocr_par' dir='ltr' id='par_1_11' title="bbox 558 3106 3026 3336">
     <span class='ocr_line' id='line_1_31' title="bbox 625 3106 3024 3179; baseline 0 -16"><span class='ocrx_word' id='word_1_271' title='bbox 625 3110 775 3164; x_wconf 88' lang='lat' dir='ltr'><strong>Item</strong></span> <span class='ocrx_word' id='word_1_272' title='bbox 813 3107 1039 3170; x_wconf 89' lang='lat' dir='ltr'><strong>scitote,</strong></span> <span class='ocrx_word' id='word_1_273' title='bbox 1079 3106 1232 3171; x_wconf 91' lang='lat' dir='ltr'><strong>quod</strong></span> <span class='ocrx_word' id='word_1_274' title='bbox 1270 3106 1509 3171; x_wconf 89' lang='lat' dir='ltr'><strong>propter</strong></span> <span class='ocrx_word' id='word_1_275' title='bbox 1545 3106 1688 3158; x_wconf 79' lang='lat' dir='ltr'><strong>istas</strong></span> <span class='ocrx_word' id='word_1_276' title='bbox 1726 3108 2064 3171; x_wconf 85' lang='lat' dir='ltr'><strong>praesentes</strong></span> <span class='ocrx_word' id='word_1_277' title='bbox 2103 3107 2376 3161; x_wconf 78' lang='lat' dir='ltr'><strong>veritates</strong></span> <span class='ocrx_word' id='word_1_278' title='bbox 2410 3108 2501 3161; x_wconf 89' lang='lat' dir='ltr'><strong>illi</strong></span> <span class='ocrx_word' id='word_1_279' title='bbox 2535 3110 2607 3162; x_wconf 87' lang='lat' dir='ltr'><strong>de</strong></span> <span class='ocrx_word' id='word_1_280' title='bbox 2647 3110 2801 3163; x_wconf 88' lang='lat' dir='ltr'><strong>dicto</strong></span> <span class='ocrx_word' id='word_1_281' title='bbox 2840 3124 3024 3179; x_wconf 89' lang='lat' dir='ltr'><strong>regno</strong></span> 
     </span>
     <span class='ocr_line' id='line_1_32' title="bbox 564 3187 3026 3256; baseline 0 -11"><span class='ocrx_word' id='word_1_282' title='bbox 564 3190 880 3245; x_wconf 83' lang='lat' dir='ltr'><strong>Bohemlae</strong></span> <span class='ocrx_word' id='word_1_283' title='bbox 903 3190 964 3243; x_wconf 90' lang='lat' dir='ltr'><strong>et</strong></span> <span class='ocrx_word' id='word_1_284' title='bbox 985 3189 1058 3241; x_wconf 92' lang='lat' dir='ltr'><strong>de</strong></span> <span class='ocrx_word' id='word_1_285' title='bbox 1082 3188 1276 3254; x_wconf 88' lang='lat' dir='ltr'><strong>Praga</strong></span> <span class='ocrx_word' id='word_1_286' title='bbox 1295 3188 1556 3254; x_wconf 89' lang='lat' dir='ltr'><strong>pugnant</strong></span> <span class='ocrx_word' id='word_1_287' title='bbox 1578 3188 1638 3241; x_wconf 89' lang='lat' dir='ltr'><strong>et</strong></span> <span class='ocrx_word' id='word_1_288' title='bbox 1659 3188 1976 3240; x_wconf 87' lang='lat' dir='ltr'><strong>incendunt</strong></span> <span class='ocrx_word' id='word_1_289' title='bbox 1998 3187 2300 3242; x_wconf 87' lang='lat' dir='ltr'><strong>ecclesiam</strong></span> <span class='ocrx_word' id='word_1_290' title='bbox 2332 3193 2696 3256; x_wconf 88' lang='lat' dir='ltr'><strong>praesentem</strong></span> <span class='ocrx_word' id='word_1_291' title='bbox 2721 3192 3026 3247; x_wconf 87' lang='lat' dir='ltr'><strong>antichris-</strong></span> 
     </span>
     <span class='ocr_line' id='line_1_33' title="bbox 558 3268 2362 3336; baseline -0.003 -8"><span class='ocrx_word' id='word_1_292' title='bbox 558 3276 777 3328; x_wconf 91' lang='lat' dir='ltr'><strong>tianam</strong></span> <span class='ocrx_word' id='word_1_293' title='bbox 800 3274 859 3325; x_wconf 89' lang='lat' dir='ltr'><strong>et</strong></span> <span class='ocrx_word' id='word_1_294' title='bbox 881 3270 1185 3324; x_wconf 85' lang='lat' dir='ltr'><strong>stabiliunt</strong></span> <span class='ocrx_word' id='word_1_295' title='bbox 1205 3271 1265 3322; x_wconf 90' lang='lat' dir='ltr'><strong>et</strong></span> <span class='ocrx_word' id='word_1_296' title='bbox 1284 3270 1616 3322; x_wconf 89' lang='lat' dir='ltr'><strong>restaurant</strong></span> <span class='ocrx_word' id='word_1_297' title='bbox 1637 3268 1943 3323; x_wconf 89' lang='lat' dir='ltr'><strong>ecclesiam</strong></span> <span class='ocrx_word' id='word_1_298' title='bbox 1966 3269 2362 3336; x_wconf 88' lang='lat' dir='ltr'><strong>apostolicam.</strong></span> 
     </span>
    </p>

    <p class='ocr_par' dir='ltr' id='par_1_12' title="bbox 560 3350 3024 3576">
     <span class='ocr_line' id='line_1_34' title="bbox 622 3350 3024 3417; baseline -0.001 -8"><span class='ocrx_word' id='word_1_299' title='bbox 622 3356 772 3409; x_wconf 92' lang='lat' dir='ltr'><strong>Item</strong></span> <span class='ocrx_word' id='word_1_300' title='bbox 805 3354 1032 3415; x_wconf 87' lang='lat' dir='ltr'><strong>scitote,</strong></span> <span class='ocrx_word' id='word_1_301' title='bbox 1059 3351 1213 3416; x_wconf 90' lang='lat' dir='ltr'><strong>quod</strong></span> <span class='ocrx_word' id='word_1_302' title='bbox 1235 3351 1474 3417; x_wconf 88' lang='lat' dir='ltr'><strong>propter</strong></span> <span class='ocrx_word' id='word_1_303' title='bbox 1506 3350 1611 3402; x_wconf 90' lang='lat' dir='ltr'><strong>has</strong></span> <span class='ocrx_word' id='word_1_304' title='bbox 1644 3352 1978 3416; x_wconf 84' lang='lat' dir='ltr'><strong>praesentes</strong></span> <span class='ocrx_word' id='word_1_305' title='bbox 2012 3351 2284 3404; x_wconf 80' lang='lat' dir='ltr'><strong>veritates</strong></span> <span class='ocrx_word' id='word_1_306' title='bbox 2318 3353 2532 3404; x_wconf 87' lang='lat' dir='ltr'><strong>mortui</strong></span> <span class='ocrx_word' id='word_1_307' title='bbox 2566 3355 2702 3406; x_wconf 89' lang='lat' dir='ltr'><strong>sunt</strong></span> <span class='ocrx_word' id='word_1_308' title='bbox 2732 3353 2794 3405; x_wconf 89' lang='lat' dir='ltr'><strong>in</strong></span> <span class='ocrx_word' id='word_1_309' title='bbox 2827 3356 3024 3407; x_wconf 81' lang='lat' dir='ltr'><strong>vestra</strong></span> 
     </span>
     <span class='ocr_line' id='line_1_35' title="bbox 560 3431 3023 3504; baseline -0 -13"><span class='ocrx_word' id='word_1_310' title='bbox 560 3439 714 3491; x_wconf 89' lang='lat' dir='ltr'><strong>dicta</strong></span> <span class='ocrx_word' id='word_1_311' title='bbox 744 3436 902 3499; x_wconf 84' lang='lat' dir='ltr'><strong>villa,</strong></span> <span class='ocrx_word' id='word_1_312' title='bbox 939 3434 1112 3488; x_wconf 87' lang='lat' dir='ltr'><strong>etiam</strong></span> <span class='ocrx_word' id='word_1_313' title='bbox 1135 3431 1474 3486; x_wconf 79' lang='lat' dir='ltr'><strong>valencenis</strong></span> <span class='ocrx_word' id='word_1_314' title='bbox 1510 3435 1570 3485; x_wconf 91' lang='lat' dir='ltr'><strong>et</strong></span> <span class='ocrx_word' id='word_1_315' title='bbox 1603 3433 1821 3497; x_wconf 82' lang='lat' dir='ltr'><strong>Duaco,</strong></span> <span class='ocrx_word' id='word_1_316' title='bbox 1857 3446 2200 3498; x_wconf 88' lang='lat' dir='ltr'><strong>quamquam</strong></span> <span class='ocrx_word' id='word_1_317' title='bbox 2233 3432 2422 3488; x_wconf 91' lang='lat' dir='ltr'><strong>clerus</strong></span> <span class='ocrx_word' id='word_1_318' title='bbox 2456 3435 2662 3488; x_wconf 71' lang='lat' dir='ltr'><strong>iecerit</strong></span> <span class='ocrx_word' id='word_1_319' title='bbox 2693 3436 3023 3504; x_wconf 88' lang='lat' dir='ltr'><strong>intelligere</strong></span> 
     </span>
     <span class='ocr_line' id='line_1_36' title="bbox 563 3518 1166 3576; baseline -0.012 -3"><span class='ocrx_word' id='word_1_320' title='bbox 563 3521 637 3573; x_wconf 87' lang='lat' dir='ltr'><strong>ad</strong></span> <span class='ocrx_word' id='word_1_321' title='bbox 659 3519 1028 3576; x_wconf 77' lang='lat' dir='ltr'><strong>contrarium.</strong></span> <span class='ocrx_word' id='word_1_322' title='bbox 1057 3518 1166 3571; x_wconf 88' lang='lat' dir='ltr'><strong>etc.</strong></span> 
     </span>
    </p>

    <p class='ocr_par' dir='ltr' id='par_1_13' title="bbox 558 3596 3026 3985">
     <span class='ocr_line' id='line_1_37' title="bbox 628 3596 3026 3666; baseline -0.001 -12"><span class='ocrx_word' id='word_1_323' title='bbox 628 3602 779 3654; x_wconf 89' lang='lat' dir='ltr'><strong>Item</strong></span> <span class='ocrx_word' id='word_1_324' title='bbox 811 3598 1195 3654; x_wconf 88' lang='lat' dir='ltr'><strong>recordamini</strong></span> <span class='ocrx_word' id='word_1_325' title='bbox 1228 3596 1553 3651; x_wconf 85' lang='lat' dir='ltr'><strong>rotulorum</strong></span> <span class='ocrx_word' id='word_1_326' title='bbox 1589 3597 1800 3649; x_wconf 88' lang='lat' dir='ltr'><strong>dudum</strong></span> <span class='ocrx_word' id='word_1_327' title='bbox 1836 3597 2156 3663; x_wconf 89' lang='lat' dir='ltr'><strong>positorum</strong></span> <span class='ocrx_word' id='word_1_328' title='bbox 2199 3598 2260 3649; x_wconf 89' lang='lat' dir='ltr'><strong>in</strong></span> <span class='ocrx_word' id='word_1_329' title='bbox 2294 3598 2487 3651; x_wconf 79' lang='lat' dir='ltr'><strong>vestra</strong></span> <span class='ocrx_word' id='word_1_330' title='bbox 2525 3598 2679 3652; x_wconf 89' lang='lat' dir='ltr'><strong>dicta</strong></span> <span class='ocrx_word' id='word_1_331' title='bbox 2714 3599 2871 3663; x_wconf 80' lang='lat' dir='ltr'><strong>villa,</strong></span> <span class='ocrx_word' id='word_1_332' title='bbox 2921 3600 3026 3666; x_wconf 91' lang='lat' dir='ltr'><strong>qui</strong></span> 
     </span>
     <span class='ocr_line' id='line_1_38' title="bbox 558 3679 3025 3746; baseline -0.001 -9"><span class='ocrx_word' id='word_1_333' title='bbox 558 3683 796 3737; x_wconf 66' lang='lat' dir='ltr'><strong>luerunt</strong></span> <span class='ocrx_word' id='word_1_334' title='bbox 839 3683 997 3736; x_wconf 85' lang='lat' dir='ltr'><strong>affixi</strong></span> <span class='ocrx_word' id='word_1_335' title='bbox 1041 3682 1237 3734; x_wconf 90' lang='lat' dir='ltr'><strong>sancto</strong></span> <span class='ocrx_word' id='word_1_336' title='bbox 1283 3679 1578 3745; x_wconf 88' lang='lat' dir='ltr'><strong>Quintino,</strong></span> <span class='ocrx_word' id='word_1_337' title='bbox 1624 3680 1686 3732; x_wconf 90' lang='lat' dir='ltr'><strong>in</strong></span> <span class='ocrx_word' id='word_1_338' title='bbox 1743 3681 1949 3746; x_wconf 82' lang='lat' dir='ltr'><strong>quibus</strong></span> <span class='ocrx_word' id='word_1_339' title='bbox 2005 3680 2116 3733; x_wconf 89' lang='lat' dir='ltr'><strong>hae</strong></span> <span class='ocrx_word' id='word_1_340' title='bbox 2159 3681 2492 3745; x_wconf 89' lang='lat' dir='ltr'><strong>praesentes</strong></span> <span class='ocrx_word' id='word_1_341' title='bbox 2538 3681 2812 3735; x_wconf 82' lang='lat' dir='ltr'><strong>veritates</strong></span> <span class='ocrx_word' id='word_1_342' title='bbox 2857 3684 3025 3735; x_wconf 88' lang='lat' dir='ltr'><strong>erant</strong></span> 
     </span>
     <span class='ocr_line' id='line_1_39' title="bbox 562 3762 3025 3833; baseline -0 -15"><span class='ocrx_word' id='word_1_343' title='bbox 562 3765 879 3833; x_wconf 88' lang='lat' dir='ltr'><strong>inscriptae</strong></span> <span class='ocrx_word' id='word_1_344' title='bbox 900 3766 962 3817; x_wconf 90' lang='lat' dir='ltr'><strong>et</strong></span> <span class='ocrx_word' id='word_1_345' title='bbox 994 3776 1143 3829; x_wconf 84' lang='lat' dir='ltr'><strong>quae</strong></span> <span class='ocrx_word' id='word_1_346' title='bbox 1163 3762 1402 3815; x_wconf 60' lang='lat' dir='ltr'><strong>ruerunt</strong></span> <span class='ocrx_word' id='word_1_347' title='bbox 1424 3763 1624 3829; x_wconf 86' lang='lat' dir='ltr'><strong>raptae</strong></span> <span class='ocrx_word' id='word_1_348' title='bbox 1649 3774 1684 3814; x_wconf 92' lang='lat' dir='ltr'><strong>a</strong></span> <span class='ocrx_word' id='word_1_349' title='bbox 1706 3762 1864 3816; x_wconf 88' lang='lat' dir='ltr'><strong>clero</strong></span> <span class='ocrx_word' id='word_1_350' title='bbox 1883 3764 1943 3815; x_wconf 87' lang='lat' dir='ltr'><strong>et</strong></span> <span class='ocrx_word' id='word_1_351' title='bbox 1965 3776 2000 3815; x_wconf 92' lang='lat' dir='ltr'><strong>a</strong></span> <span class='ocrx_word' id='word_1_352' title='bbox 2015 3762 2223 3814; x_wconf 83' lang='lat' dir='ltr'><strong>vestris</strong></span> <span class='ocrx_word' id='word_1_353' title='bbox 2242 3762 2636 3827; x_wconf 87' lang='lat' dir='ltr'><strong>superioribus</strong></span> <span class='ocrx_word' id='word_1_354' title='bbox 2662 3764 2875 3829; x_wconf 89' lang='lat' dir='ltr'><strong>absque</strong></span> <span class='ocrx_word' id='word_1_355' title='bbox 2891 3764 3025 3829; x_wconf 90' lang='lat' dir='ltr'><strong>hoc,</strong></span> 
     </span>
     <span class='ocr_line' id='line_1_40' title="bbox 565 3841 3022 3912; baseline -0.001 -12"><span class='ocrx_word' id='word_1_356' title='bbox 565 3847 720 3912; x_wconf 90' lang='lat' dir='ltr'><strong>quod</strong></span> <span class='ocrx_word' id='word_1_357' title='bbox 741 3846 1053 3899; x_wconf 85' lang='lat' dir='ltr'><strong>scivissetis</strong></span> <span class='ocrx_word' id='word_1_358' title='bbox 1077 3848 1338 3898; x_wconf 89' lang='lat' dir='ltr'><strong>tenorem</strong></span> <span class='ocrx_word' id='word_1_359' title='bbox 1361 3857 1582 3897; x_wconf 90' lang='lat' dir='ltr'><strong>eorum.</strong></span> <span class='ocrx_word' id='word_1_360' title='bbox 1608 3844 1745 3897; x_wconf 87' lang='lat' dir='ltr'><strong>Noli</strong></span> <span class='ocrx_word' id='word_1_361' title='bbox 1778 3844 1900 3910; x_wconf 83' lang='lat' dir='ltr'><strong>pati</strong></span> <span class='ocrx_word' id='word_1_362' title='bbox 1933 3845 2016 3896; x_wconf 91' lang='lat' dir='ltr'><strong>sic</strong></span> <span class='ocrx_word' id='word_1_363' title='bbox 2039 3841 2168 3896; x_wconf 81' lang='lat' dir='ltr'><strong>fleri</strong></span> <span class='ocrx_word' id='word_1_364' title='bbox 2193 3843 2263 3895; x_wconf 90' lang='lat' dir='ltr'><strong>de</strong></span> <span class='ocrx_word' id='word_1_365' title='bbox 2296 3843 2425 3895; x_wconf 85' lang='lat' dir='ltr'><strong>istis</strong></span> <span class='ocrx_word' id='word_1_366' title='bbox 2447 3845 2850 3911; x_wconf 87' lang='lat' dir='ltr'><strong>praesentibus</strong></span> <span class='ocrx_word' id='word_1_367' title='bbox 2872 3846 3022 3899; x_wconf 83' lang='lat' dir='ltr'><strong>veri-</strong></span> 
     </span>
     <span class='ocr_line' id='line_1_41' title="bbox 563 3929 799 3985; baseline 0.013 -3"><span class='ocrx_word' id='word_1_368' title='bbox 563 3929 799 3985; x_wconf 88' lang='lat' dir='ltr'><strong>tatibus.</strong></span> 
     </span>
    </p>

    <p class='ocr_par' dir='ltr' id='par_1_14' title="bbox 564 4006 3024 4155">
     <span class='ocr_line' id='line_1_42' title="bbox 627 4006 3024 4074; baseline -0.001 -10"><span class='ocrx_word' id='word_1_369' title='bbox 627 4012 776 4064; x_wconf 91' lang='lat' dir='ltr'><strong>Item</strong></span> <span class='ocrx_word' id='word_1_370' title='bbox 799 4010 1007 4063; x_wconf 90' lang='lat' dir='ltr'><strong>habete</strong></span> <span class='ocrx_word' id='word_1_371' title='bbox 1030 4008 1367 4062; x_wconf 86' lang='lat' dir='ltr'><strong>memoriam</strong></span> <span class='ocrx_word' id='word_1_372' title='bbox 1390 4009 1461 4061; x_wconf 89' lang='lat' dir='ltr'><strong>de</strong></span> <span class='ocrx_word' id='word_1_373' title='bbox 1485 4006 1619 4060; x_wconf 92' lang='lat' dir='ltr'><strong>ludo</strong></span> <span class='ocrx_word' id='word_1_374' title='bbox 1638 4007 1963 4060; x_wconf 88' lang='lat' dir='ltr'><strong>meretricis</strong></span> <span class='ocrx_word' id='word_1_375' title='bbox 1984 4007 2288 4060; x_wconf 85' lang='lat' dir='ltr'><strong>contentae</strong></span> <span class='ocrx_word' id='word_1_376' title='bbox 2310 4006 2371 4058; x_wconf 89' lang='lat' dir='ltr'><strong>in</strong></span> <span class='ocrx_word' id='word_1_377' title='bbox 2389 4007 2754 4074; x_wconf 81' lang='lat' dir='ltr'><strong>Apocalypsi,</strong></span> <span class='ocrx_word' id='word_1_378' title='bbox 2774 4009 3024 4062; x_wconf 85' lang='lat' dir='ltr'><strong>tenentis</strong></span> 
     </span>
     <span class='ocr_line' id='line_1_43' title="bbox 564 4087 2596 4155; baseline -0.002 -10"><span class='ocrx_word' id='word_1_379' title='bbox 564 4108 663 4146; x_wconf 80' lang='lat' dir='ltr'><strong>vas</strong></span> <span class='ocrx_word' id='word_1_380' title='bbox 689 4105 926 4145; x_wconf 90' lang='lat' dir='ltr'><strong>aureum</strong></span> <span class='ocrx_word' id='word_1_381' title='bbox 949 4092 1011 4143; x_wconf 86' lang='lat' dir='ltr'><strong>in</strong></span> <span class='ocrx_word' id='word_1_382' title='bbox 1034 4104 1207 4143; x_wconf 88' lang='lat' dir='ltr'><strong>manu</strong></span> <span class='ocrx_word' id='word_1_383' title='bbox 1231 4102 1353 4151; x_wconf 90' lang='lat' dir='ltr'><strong>sua,</strong></span> <span class='ocrx_word' id='word_1_384' title='bbox 1380 4089 1479 4155; x_wconf 90' lang='lat' dir='ltr'><strong>qui</strong></span> <span class='ocrx_word' id='word_1_385' title='bbox 1502 4088 1663 4141; x_wconf 86' lang='lat' dir='ltr'><strong>lusus</strong></span> <span class='ocrx_word' id='word_1_386' title='bbox 1683 4089 1799 4140; x_wconf 71' lang='lat' dir='ltr'><strong>fuit</strong></span> <span class='ocrx_word' id='word_1_387' title='bbox 1820 4091 1882 4140; x_wconf 89' lang='lat' dir='ltr'><strong>in</strong></span> <span class='ocrx_word' id='word_1_388' title='bbox 1905 4089 2061 4140; x_wconf 86' lang='lat' dir='ltr'><strong>dicta</strong></span> <span class='ocrx_word' id='word_1_389' title='bbox 2081 4087 2220 4140; x_wconf 78' lang='lat' dir='ltr'><strong>villa</strong></span> <span class='ocrx_word' id='word_1_390' title='bbox 2239 4087 2596 4142; x_wconf 89' lang='lat' dir='ltr'><strong>Insulensi...</strong></span> 
     </span>
    </p>

    <p class='ocr_par' dir='ltr' id='par_1_15' title="bbox 561 4170 3026 4651">
     <span class='ocr_line' id='line_1_44' title="bbox 630 4170 3022 4236; baseline -0.001 -10"><span class='ocrx_word' id='word_1_391' title='bbox 630 4175 864 4227; x_wconf 86' lang='lat' dir='ltr'><strong>Fratres</strong></span> <span class='ocrx_word' id='word_1_392' title='bbox 884 4173 1000 4226; x_wconf 89' lang='lat' dir='ltr'><strong>mei</strong></span> <span class='ocrx_word' id='word_1_393' title='bbox 1022 4172 1361 4234; x_wconf 84' lang='lat' dir='ltr'><strong>charissimi,</strong></span> <span class='ocrx_word' id='word_1_394' title='bbox 1380 4172 1584 4223; x_wconf 89' lang='lat' dir='ltr'><strong>scitote</strong></span> <span class='ocrx_word' id='word_1_395' title='bbox 1599 4184 1705 4236; x_wconf 91' lang='lat' dir='ltr'><strong>pro</strong></span> <span class='ocrx_word' id='word_1_396' title='bbox 1728 4184 1866 4223; x_wconf 78' lang='lat' dir='ltr'><strong>vero</strong></span> <span class='ocrx_word' id='word_1_397' title='bbox 1884 4183 1977 4223; x_wconf 89' lang='lat' dir='ltr'><strong>me</strong></span> <span class='ocrx_word' id='word_1_398' title='bbox 1994 4170 2287 4223; x_wconf 87' lang='lat' dir='ltr'><strong>laborasse</strong></span> <span class='ocrx_word' id='word_1_399' title='bbox 2303 4170 2415 4222; x_wconf 94' lang='lat' dir='ltr'><strong>hoc</strong></span> <span class='ocrx_word' id='word_1_400' title='bbox 2436 4184 2580 4236; x_wconf 88' lang='lat' dir='ltr'><strong>opus</strong></span> <span class='ocrx_word' id='word_1_401' title='bbox 2594 4183 2869 4236; x_wconf 86' lang='lat' dir='ltr'><strong>praesens</strong></span> <span class='ocrx_word' id='word_1_402' title='bbox 2892 4185 3022 4224; x_wconf 90' lang='lat' dir='ltr'><strong>cum</strong></span> 
     </span>
     <span class='ocr_line' id='line_1_45' title="bbox 568 4251 3021 4320; baseline -0.002 -11"><span class='ocrx_word' id='word_1_403' title='bbox 568 4255 785 4309; x_wconf 82' lang='lat' dir='ltr'><strong>auxilio</strong></span> <span class='ocrx_word' id='word_1_404' title='bbox 821 4256 931 4307; x_wconf 87' lang='lat' dir='ltr'><strong>Dei</strong></span> <span class='ocrx_word' id='word_1_405' title='bbox 965 4267 1096 4307; x_wconf 89' lang='lat' dir='ltr'><strong>esse</strong></span> <span class='ocrx_word' id='word_1_406' title='bbox 1130 4254 1192 4304; x_wconf 89' lang='lat' dir='ltr'><strong>in</strong></span> <span class='ocrx_word' id='word_1_407' title='bbox 1226 4254 1413 4307; x_wconf 90' lang='lat' dir='ltr'><strong>medio</strong></span> <span class='ocrx_word' id='word_1_408' title='bbox 1449 4254 1649 4315; x_wconf 82' lang='lat' dir='ltr'><strong>vestri,</strong></span> <span class='ocrx_word' id='word_1_409' title='bbox 1675 4254 1753 4314; x_wconf 85' lang='lat' dir='ltr'><strong>et,</strong></span> <span class='ocrx_word' id='word_1_410' title='bbox 1780 4254 1831 4304; x_wconf 91' lang='lat' dir='ltr'><strong>si</strong></span> <span class='ocrx_word' id='word_1_411' title='bbox 1863 4251 2054 4318; x_wconf 84' lang='lat' dir='ltr'><strong>placet</strong></span> <span class='ocrx_word' id='word_1_412' title='bbox 2086 4251 2247 4303; x_wconf 86' lang='lat' dir='ltr'><strong>vobis</strong></span> <span class='ocrx_word' id='word_1_413' title='bbox 2282 4251 2519 4305; x_wconf 86' lang='lat' dir='ltr'><strong>obedire</strong></span> <span class='ocrx_word' id='word_1_414' title='bbox 2553 4253 2645 4305; x_wconf 85' lang='lat' dir='ltr'><strong>his</strong></span> <span class='ocrx_word' id='word_1_415' title='bbox 2678 4253 3021 4320; x_wconf 84' lang='lat' dir='ltr'><strong>supradictis</strong></span> 
     </span>
     <span class='ocr_line' id='line_1_46' title="bbox 564 4333 3026 4401; baseline -0.002 -10"><span class='ocrx_word' id='word_1_416' title='bbox 564 4337 903 4393; x_wconf 81' lang='lat' dir='ltr'><strong>veritatibus</strong></span> <span class='ocrx_word' id='word_1_417' title='bbox 929 4338 1030 4389; x_wconf 89' lang='lat' dir='ltr'><strong>aut</strong></span> <span class='ocrx_word' id='word_1_418' title='bbox 1065 4334 1404 4401; x_wconf 89' lang='lat' dir='ltr'><strong>ampliorem</strong></span> <span class='ocrx_word' id='word_1_419' title='bbox 1428 4336 1500 4388; x_wconf 88' lang='lat' dir='ltr'><strong>de</strong></span> <span class='ocrx_word' id='word_1_420' title='bbox 1525 4336 1610 4388; x_wconf 88' lang='lat' dir='ltr'><strong>eis</strong></span> <span class='ocrx_word' id='word_1_421' title='bbox 1644 4335 1850 4388; x_wconf 88' lang='lat' dir='ltr'><strong>haberi</strong></span> <span class='ocrx_word' id='word_1_422' title='bbox 1872 4333 2323 4387; x_wconf 87' lang='lat' dir='ltr'><strong>declarationem</strong></span> <span class='ocrx_word' id='word_1_423' title='bbox 2348 4335 2449 4387; x_wconf 88' lang='lat' dir='ltr'><strong>aut</strong></span> <span class='ocrx_word' id='word_1_424' title='bbox 2474 4334 2624 4387; x_wconf 90' lang='lat' dir='ltr'><strong>scire</strong></span> <span class='ocrx_word' id='word_1_425' title='bbox 2645 4335 2857 4387; x_wconf 86' lang='lat' dir='ltr'><strong>multas</strong></span> <span class='ocrx_word' id='word_1_426' title='bbox 2880 4333 3026 4387; x_wconf 90' lang='lat' dir='ltr'><strong>alias</strong></span> 
     </span>
     <span class='ocr_line' id='line_1_47' title="bbox 564 4416 3024 4483; baseline -0.002 -9"><span class='ocrx_word' id='word_1_427' title='bbox 564 4421 921 4474; x_wconf 83' lang='lat' dir='ltr'><strong>necessarias</strong></span> <span class='ocrx_word' id='word_1_428' title='bbox 965 4419 1148 4479; x_wconf 78' lang='lat' dir='ltr'><strong>vobis,</strong></span> <span class='ocrx_word' id='word_1_429' title='bbox 1196 4431 1336 4483; x_wconf 90' lang='lat' dir='ltr'><strong>quas</strong></span> <span class='ocrx_word' id='word_1_430' title='bbox 1379 4419 1621 4483; x_wconf 87' lang='lat' dir='ltr'><strong>propter</strong></span> <span class='ocrx_word' id='word_1_431' title='bbox 1666 4418 1856 4470; x_wconf 85' lang='lat' dir='ltr'><strong>certas</strong></span> <span class='ocrx_word' id='word_1_432' title='bbox 1895 4416 2303 4482; x_wconf 89' lang='lat' dir='ltr'><strong>occupationes</strong></span> <span class='ocrx_word' id='word_1_433' title='bbox 2349 4429 2464 4468; x_wconf 90' lang='lat' dir='ltr'><strong>non</strong></span> <span class='ocrx_word' id='word_1_434' title='bbox 2510 4418 2675 4482; x_wconf 85' lang='lat' dir='ltr'><strong>potui</strong></span> <span class='ocrx_word' id='word_1_435' title='bbox 2718 4417 2814 4470; x_wconf 87' lang='lat' dir='ltr'><strong>hic</strong></span> <span class='ocrx_word' id='word_1_436' title='bbox 2865 4418 3024 4469; x_wconf 91' lang='lat' dir='ltr'><strong>intus</strong></span> 
     </span>
     <span class='ocr_line' id='line_1_48' title="bbox 561 4497 3024 4567; baseline -0.002 -12"><span class='ocrx_word' id='word_1_437' title='bbox 561 4502 833 4560; x_wconf 83' lang='lat' dir='ltr'><strong>scribere,</strong></span> <span class='ocrx_word' id='word_1_438' title='bbox 855 4500 1099 4567; x_wconf 87' lang='lat' dir='ltr'><strong>amplius</strong></span> <span class='ocrx_word' id='word_1_439' title='bbox 1123 4500 1273 4553; x_wconf 88' lang='lat' dir='ltr'><strong>scire</strong></span> <span class='ocrx_word' id='word_1_440' title='bbox 1298 4499 1370 4553; x_wconf 90' lang='lat' dir='ltr'><strong>de</strong></span> <span class='ocrx_word' id='word_1_441' title='bbox 1393 4501 1565 4561; x_wconf 86' lang='lat' dir='ltr'><strong>statu,</strong></span> <span class='ocrx_word' id='word_1_442' title='bbox 1584 4500 1705 4552; x_wconf 84' lang='lat' dir='ltr'><strong>vita</strong></span> <span class='ocrx_word' id='word_1_443' title='bbox 1724 4499 1786 4551; x_wconf 89' lang='lat' dir='ltr'><strong>et</strong></span> <span class='ocrx_word' id='word_1_444' title='bbox 1806 4497 2242 4551; x_wconf 81' lang='lat' dir='ltr'><strong>conversatione</strong></span> <span class='ocrx_word' id='word_1_445' title='bbox 2264 4498 2724 4563; x_wconf 88' lang='lat' dir='ltr'><strong>supradictorum</strong></span> <span class='ocrx_word' id='word_1_446' title='bbox 2742 4498 3024 4552; x_wconf 87' lang='lat' dir='ltr'><strong>Bohemo-</strong></span> 
     </span>
     <span class='ocr_line' id='line_1_49' title="bbox 562 4579 3022 4651; baseline -0.001 -15"><span class='ocrx_word' id='word_1_447' title='bbox 562 4599 694 4638; x_wconf 90' lang='lat' dir='ltr'><strong>rum</strong></span> <span class='ocrx_word' id='word_1_448' title='bbox 719 4585 779 4636; x_wconf 91' lang='lat' dir='ltr'><strong>et</strong></span> <span class='ocrx_word' id='word_1_449' title='bbox 802 4584 1203 4651; x_wconf 82' lang='lat' dir='ltr'><strong>Pragensium,</strong></span> <span class='ocrx_word' id='word_1_450' title='bbox 1220 4582 1332 4634; x_wconf 90' lang='lat' dir='ltr'><strong>hoc</strong></span> <span class='ocrx_word' id='word_1_451' title='bbox 1349 4581 1425 4634; x_wconf 88' lang='lat' dir='ltr'><strong>sit</strong></span> <span class='ocrx_word' id='word_1_452' title='bbox 1442 4581 1671 4649; x_wconf 90' lang='lat' dir='ltr'><strong>signum</strong></span> <span class='ocrx_word' id='word_1_453' title='bbox 1693 4581 1848 4635; x_wconf 87' lang='lat' dir='ltr'><strong>inter</strong></span> <span class='ocrx_word' id='word_1_454' title='bbox 1863 4594 1963 4633; x_wconf 82' lang='lat' dir='ltr'><strong>vos</strong></span> <span class='ocrx_word' id='word_1_455' title='bbox 1981 4581 2041 4635; x_wconf 85' lang='lat' dir='ltr'><strong>et</strong></span> <span class='ocrx_word' id='word_1_456' title='bbox 2062 4594 2155 4634; x_wconf 91' lang='lat' dir='ltr'><strong>me</strong></span> <span class='ocrx_word' id='word_1_457' title='bbox 2175 4595 2188 4634; x_wconf 73' lang='grc' dir='ltr'>ε</span> <span class='ocrx_word' id='word_1_458' title='bbox 2210 4579 2418 4633; x_wconf 88' lang='lat' dir='ltr'><strong>Ponite</strong></span> <span class='ocrx_word' id='word_1_459' title='bbox 2437 4594 2614 4633; x_wconf 89' lang='lat' dir='ltr'><strong>unum</strong></span> <span class='ocrx_word' id='word_1_460' title='bbox 2631 4580 3022 4634; x_wconf 73' lang='lat' dir='ltr'><strong>schaffaudum</strong></span> 
     </span>
    </p>
   </div>
  </div>
 </body>
</html>
