<?xml version="1.0" encoding="UTF-8"?>
<!DOCTYPE html PUBLIC "-//W3C//DTD XHTML 1.0 Transitional//EN"
    "http://www.w3.org/TR/xhtml1/DTD/xhtml1-transitional.dtd">
<html xmlns="http://www.w3.org/1999/xhtml" xml:lang="en" lang="en">
 <head>
  <title>
</title>
<meta http-equiv="Content-Type" content="text/html;charset=utf-8" />
  <meta name='ocr-system' content='tesseract 3.04.00' />
  <meta name='ocr-capabilities' content='ocr_page ocr_carea ocr_par ocr_line ocrx_word'/>
</head>
<body>
  <div class='ocr_page' id='page_1' title='image "./corpusdocumento05frgoog_0223.png"; bbox 0 0 3526 5522; ppageno 0'>
   <div class='ocr_carea' id='block_1_1' title="bbox 1188 580 2661 639">
    <p class='ocr_par' dir='ltr' id='par_1_1' title="bbox 1188 580 2661 639">
     <span class='ocr_line' id='line_1_1' title="bbox 1188 580 2661 639; baseline -0.003 0"><span class='ocrx_word' id='word_1_1' title='bbox 1188 585 1341 639; x_wconf 74' lang='lat' dir='ltr'><strong>AAN</strong></span> <span class='ocrx_word' id='word_1_2' title='bbox 1350 581 1696 638; x_wconf 71' lang='lat' dir='ltr'>HANGSEL</span> <span class='ocrx_word' id='word_1_3' title='bbox 2567 580 2661 635; x_wconf 76' lang='lat'><strong>167</strong></span> 
     </span>
    </p>
   </div>
   <div class='ocr_carea' id='block_1_2' title="bbox 265 748 2700 3463">
    <p class='ocr_par' dir='ltr' id='par_1_2' title="bbox 265 748 2700 3373">
     <span class='ocr_line' id='line_1_2' title="bbox 266 748 2668 814; baseline -0.001 -13"><span class='ocrx_word' id='word_1_4' title='bbox 266 748 475 802; x_wconf 80' lang='lat' dir='ltr'><strong>heretice</strong></span> <span class='ocrx_word' id='word_1_5' title='bbox 510 748 827 814; x_wconf 87' lang='lat' dir='ltr'><strong>pravitatis,</strong></span> <span class='ocrx_word' id='word_1_6' title='bbox 862 761 967 814; x_wconf 89' lang='lat' dir='ltr'><strong>pro</strong></span> <span class='ocrx_word' id='word_1_7' title='bbox 1008 749 1346 802; x_wconf 78' lang='lat' dir='ltr'><strong>executione</strong></span> <span class='ocrx_word' id='word_1_8' title='bbox 1387 750 1559 802; x_wconf 82' lang='lat' dir='ltr'><strong>officii</strong></span> <span class='ocrx_word' id='word_1_9' title='bbox 1600 750 1685 803; x_wconf 88' lang='lat' dir='ltr'><strong>eis</strong></span> <span class='ocrx_word' id='word_1_10' title='bbox 1723 748 2030 810; x_wconf 76' lang='lat' dir='ltr'><strong>commissi,</strong></span> <span class='ocrx_word' id='word_1_11' title='bbox 2070 749 2262 801; x_wconf 75' lang='lat' dir='ltr'><strong>iacere</strong></span> <span class='ocrx_word' id='word_1_12' title='bbox 2303 749 2363 801; x_wconf 91' lang='lat' dir='ltr'><strong>et</strong></span> <span class='ocrx_word' id='word_1_13' title='bbox 2395 759 2668 801; x_wconf 90' lang='lat' dir='ltr'><strong>exercere</strong></span> 
     </span>
     <span class='ocr_line' id='line_1_3' title="bbox 265 830 2673 898; baseline 0 -16"><span class='ocrx_word' id='word_1_14' title='bbox 265 837 473 898; x_wconf 76' lang='lat' dir='ltr'><strong>possunt,</strong></span> <span class='ocrx_word' id='word_1_15' title='bbox 490 833 548 884; x_wconf 87' lang='lat' dir='ltr'><strong>et</strong></span> <span class='ocrx_word' id='word_1_16' title='bbox 568 832 639 883; x_wconf 88' lang='lat' dir='ltr'><strong>ad</strong></span> <span class='ocrx_word' id='word_1_17' title='bbox 663 830 913 882; x_wconf 84' lang='lat' dir='ltr'><strong>officium</strong></span> <span class='ocrx_word' id='word_1_18' title='bbox 930 831 1324 896; x_wconf 90' lang='lat' dir='ltr'><strong>Inquisitionis</strong></span> <span class='ocrx_word' id='word_1_19' title='bbox 1346 831 1599 885; x_wconf 83' lang='lat' dir='ltr'><strong>heretice</strong></span> <span class='ocrx_word' id='word_1_20' title='bbox 1614 832 1909 898; x_wconf 87' lang='lat' dir='ltr'><strong>pravitatis</strong></span> <span class='ocrx_word' id='word_1_21' title='bbox 1928 830 2357 896; x_wconf 84' lang='lat' dir='ltr'><strong>quomodolibet</strong></span> <span class='ocrx_word' id='word_1_22' title='bbox 2378 831 2673 896; x_wconf 83' lang='lat' dir='ltr'><strong>pertinent</strong></span> 
     </span>
     <span class='ocr_line' id='line_1_4' title="bbox 269 913 2674 983; baseline -0 -19"><span class='ocrx_word' id='word_1_23' title='bbox 269 913 321 966; x_wconf 87' lang='lat' dir='ltr'><strong>de</strong></span> <span class='ocrx_word' id='word_1_24' title='bbox 334 913 720 967; x_wconf 87' lang='lat' dir='ltr'><strong>consuetudine</strong></span> <span class='ocrx_word' id='word_1_25' title='bbox 744 913 833 966; x_wconf 88' lang='lat' dir='ltr'><strong>vel</strong></span> <span class='ocrx_word' id='word_1_26' title='bbox 859 914 930 966; x_wconf 90' lang='lat' dir='ltr'><strong>de</strong></span> <span class='ocrx_word' id='word_1_27' title='bbox 951 915 1097 975; x_wconf 86' lang='lat' dir='ltr'><strong>iure,</strong></span> <span class='ocrx_word' id='word_1_28' title='bbox 1116 915 1383 977; x_wconf 75' lang='lat' dir='ltr'><strong>faciendi,</strong></span> <span class='ocrx_word' id='word_1_29' title='bbox 1404 916 1640 983; x_wconf 87' lang='lat' dir='ltr'><strong>gerendi</strong></span> <span class='ocrx_word' id='word_1_30' title='bbox 1669 916 1728 967; x_wconf 91' lang='lat' dir='ltr'><strong>et</strong></span> <span class='ocrx_word' id='word_1_31' title='bbox 1750 914 2069 978; x_wconf 87' lang='lat' dir='ltr'><strong>exequendi</strong></span> <span class='ocrx_word' id='word_1_32' title='bbox 2088 913 2428 967; x_wconf 88' lang='lat' dir='ltr'><strong>auctoritate</strong></span> <span class='ocrx_word' id='word_1_33' title='bbox 2451 915 2674 979; x_wconf 88' lang='lat' dir='ltr'><strong>aposto·</strong></span> 
     </span>
     <span class='ocr_line' id='line_1_5' title="bbox 268 994 2672 1063; baseline 0 -16"><span class='ocrx_word' id='word_1_34' title='bbox 268 995 353 1048; x_wconf 81' lang='lat' dir='ltr'><strong>lica</strong></span> <span class='ocrx_word' id='word_1_35' title='bbox 370 1000 554 1050; x_wconf 88' lang='lat' dir='ltr'><strong>tenore</strong></span> <span class='ocrx_word' id='word_1_36' title='bbox 586 996 940 1062; x_wconf 88' lang='lat' dir='ltr'><strong>presentium</strong></span> <span class='ocrx_word' id='word_1_37' title='bbox 970 999 1331 1051; x_wconf 80' lang='lat' dir='ltr'><strong>concedimus</strong></span> <span class='ocrx_word' id='word_1_38' title='bbox 1364 998 1719 1063; x_wconf 68' lang='lat' dir='ltr'><strong>iacultatemg</strong></span> <span class='ocrx_word' id='word_1_39' title='bbox 1757 997 2070 1049; x_wconf 88' lang='lat' dir='ltr'><strong>districtius</strong></span> <span class='ocrx_word' id='word_1_40' title='bbox 2102 994 2428 1049; x_wconf 85' lang='lat' dir='ltr'><strong>inhibentes</strong></span> <span class='ocrx_word' id='word_1_41' title='bbox 2463 995 2672 1047; x_wconf 88' lang='lat' dir='ltr'><strong>dilecto</strong></span> 
     </span>
     <span class='ocr_line' id='line_1_6' title="bbox 271 1078 2674 1148; baseline 0 -18"><span class='ocrx_word' id='word_1_42' title='bbox 271 1078 362 1130; x_wconf 83' lang='lat' dir='ltr'><strong>filio</strong></span> <span class='ocrx_word' id='word_1_43' title='bbox 381 1079 694 1143; x_wconf 83' lang='lat' dir='ltr'><strong>inquisitori</strong></span> <span class='ocrx_word' id='word_1_44' title='bbox 730 1079 983 1133; x_wconf 85' lang='lat' dir='ltr'><strong>heretice</strong></span> <span class='ocrx_word' id='word_1_45' title='bbox 1003 1081 1299 1146; x_wconf 83' lang='lat' dir='ltr'><strong>pravitatis</strong></span> <span class='ocrx_word' id='word_1_46' title='bbox 1323 1083 1384 1134; x_wconf 90' lang='lat' dir='ltr'><strong>in</strong></span> <span class='ocrx_word' id='word_1_47' title='bbox 1408 1082 1702 1148; x_wconf 88' lang='lat' dir='ltr'><strong>provincia</strong></span> <span class='ocrx_word' id='word_1_48' title='bbox 1729 1079 2023 1133; x_wconf 84' lang='lat' dir='ltr'><strong>Colonien.</strong></span> <span class='ocrx_word' id='word_1_49' title='bbox 2051 1080 2338 1146; x_wconf 80' lang='lat' dir='ltr'><strong>deputate,</strong></span> <span class='ocrx_word' id='word_1_50' title='bbox 2366 1092 2438 1131; x_wconf 89' lang='lat' dir='ltr'><strong>ne</strong></span> <span class='ocrx_word' id='word_1_51' title='bbox 2461 1079 2674 1143; x_wconf 80' lang='lat' dir='ltr'><strong>absque</strong></span> 
     </span>
     <span class='ocr_line' id='line_1_7' title="bbox 270 1160 2673 1228; baseline -0 -17"><span class='ocrx_word' id='word_1_52' title='bbox 270 1161 344 1212; x_wconf 83' lang='lat' dir='ltr'><strong>tua</strong></span> <span class='ocrx_word' id='word_1_53' title='bbox 371 1160 587 1227; x_wconf 85' lang='lat' dir='ltr'><strong>speciali</strong></span> <span class='ocrx_word' id='word_1_54' title='bbox 621 1161 856 1215; x_wconf 87' lang='lat' dir='ltr'><strong>licentia</strong></span> <span class='ocrx_word' id='word_1_55' title='bbox 888 1165 946 1215; x_wconf 93' lang='lat' dir='ltr'><strong>et</strong></span> <span class='ocrx_word' id='word_1_56' title='bbox 978 1164 1376 1217; x_wconf 88' lang='lat' dir='ltr'><strong>commissione</strong></span> <span class='ocrx_word' id='word_1_57' title='bbox 1411 1165 1611 1215; x_wconf 88' lang='lat' dir='ltr'><strong>contra</strong></span> <span class='ocrx_word' id='word_1_58' title='bbox 1643 1162 1788 1216; x_wconf 83' lang='lat' dir='ltr'><strong>tales</strong></span> <span class='ocrx_word' id='word_1_59' title='bbox 1820 1161 2133 1228; x_wconf 88' lang='lat' dir='ltr'><strong>procedere</strong></span> <span class='ocrx_word' id='word_1_60' title='bbox 2167 1165 2267 1214; x_wconf 89' lang='lat' dir='ltr'><strong>aut</strong></span> <span class='ocrx_word' id='word_1_61' title='bbox 2286 1162 2510 1214; x_wconf 89' lang='lat' dir='ltr'><strong>ratione</strong></span> <span class='ocrx_word' id='word_1_62' title='bbox 2535 1160 2673 1212; x_wconf 90' lang='lat' dir='ltr'><strong>dicti</strong></span> 
     </span>
     <span class='ocr_line' id='line_1_8' title="bbox 271 1241 2678 1310; baseline -0 -16"><span class='ocrx_word' id='word_1_63' title='bbox 271 1243 338 1294; x_wconf 83' lang='lat' dir='ltr'><strong>sui</strong></span> <span class='ocrx_word' id='word_1_64' title='bbox 372 1243 529 1295; x_wconf 83' lang='lat' dir='ltr'><strong>officii</strong></span> <span class='ocrx_word' id='word_1_65' title='bbox 566 1244 624 1295; x_wconf 91' lang='lat' dir='ltr'><strong>in</strong></span> <span class='ocrx_word' id='word_1_66' title='bbox 666 1245 908 1310; x_wconf 74' lang='lat' dir='ltr'><strong>pretatis</strong></span> <span class='ocrx_word' id='word_1_67' title='bbox 941 1246 1169 1299; x_wconf 88' lang='lat' dir='ltr'><strong>civitate</strong></span> <span class='ocrx_word' id='word_1_68' title='bbox 1210 1248 1268 1299; x_wconf 89' lang='lat' dir='ltr'><strong>et</strong></span> <span class='ocrx_word' id='word_1_69' title='bbox 1303 1247 1448 1299; x_wconf 85' lang='lat' dir='ltr'><strong>dioc.</strong></span> <span class='ocrx_word' id='word_1_70' title='bbox 1487 1246 1759 1299; x_wconf 86' lang='lat' dir='ltr'><strong>Leodien.</strong></span> <span class='ocrx_word' id='word_1_71' title='bbox 1803 1246 2014 1310; x_wconf 78' lang='lat' dir='ltr'><strong>absque</strong></span> <span class='ocrx_word' id='word_1_72' title='bbox 2049 1246 2147 1298; x_wconf 88' lang='lat' dir='ltr'><strong>tua</strong></span> <span class='ocrx_word' id='word_1_73' title='bbox 2178 1244 2412 1298; x_wconf 88' lang='lat' dir='ltr'><strong>licentia</strong></span> <span class='ocrx_word' id='word_1_74' title='bbox 2443 1241 2678 1310; x_wconf 87' lang='lat' dir='ltr'><strong>speciali</strong></span> 
     </span>
     <span class='ocr_line' id='line_1_9' title="bbox 271 1324 2675 1394; baseline 0 -18"><span class='ocrx_word' id='word_1_75' title='bbox 271 1324 449 1390; x_wconf 73' lang='lat' dir='ltr'><strong>aliquid</strong></span> <span class='ocrx_word' id='word_1_76' title='bbox 462 1327 650 1380; x_wconf 75' lang='lat' dir='ltr'><strong>tacere</strong></span> <span class='ocrx_word' id='word_1_77' title='bbox 665 1329 977 1394; x_wconf 83' lang='lat' dir='ltr'><strong>presumat,</strong></span> <span class='ocrx_word' id='word_1_78' title='bbox 994 1329 1169 1382; x_wconf 87' lang='lat' dir='ltr'><strong>etiam</strong></span> <span class='ocrx_word' id='word_1_79' title='bbox 1185 1330 1387 1382; x_wconf 89' lang='lat' dir='ltr'><strong>contra</strong></span> <span class='ocrx_word' id='word_1_80' title='bbox 1401 1328 1553 1392; x_wconf 89' lang='lat' dir='ltr'><strong>illos,</strong></span> <span class='ocrx_word' id='word_1_81' title='bbox 1571 1331 1773 1382; x_wconf 90' lang='lat' dir='ltr'><strong>contra</strong></span> <span class='ocrx_word' id='word_1_82' title='bbox 1790 1342 1932 1393; x_wconf 91' lang='lat' dir='ltr'><strong>quos</strong></span> <span class='ocrx_word' id='word_1_83' title='bbox 1948 1330 2063 1381; x_wconf 87' lang='lat' dir='ltr'><strong>iam</strong></span> <span class='ocrx_word' id='word_1_84' title='bbox 2086 1328 2396 1394; x_wconf 86' lang='lat' dir='ltr'><strong>procedere</strong></span> <span class='ocrx_word' id='word_1_85' title='bbox 2418 1326 2675 1379; x_wconf 78' lang='lat' dir='ltr'><strong>inchoas·</strong></span> 
     </span>
     <span class='ocr_line' id='line_1_10' title="bbox 268 1409 2679 1480; baseline 0 -19"><span class='ocrx_word' id='word_1_86' title='bbox 268 1411 351 1475; x_wconf 74' lang='lat' dir='ltr'><strong>set,</strong></span> <span class='ocrx_word' id='word_1_87' title='bbox 373 1424 491 1475; x_wconf 78' lang='lat' dir='ltr'><strong>ymo</strong></span> <span class='ocrx_word' id='word_1_88' title='bbox 512 1409 642 1463; x_wconf 88' lang='lat' dir='ltr'><strong>illos</strong></span> <span class='ocrx_word' id='word_1_89' title='bbox 665 1426 795 1464; x_wconf 90' lang='lat' dir='ltr'><strong>cum</strong></span> <span class='ocrx_word' id='word_1_90' title='bbox 818 1413 1116 1480; x_wconf 87' lang='lat' dir='ltr'><strong>scripturis</strong></span> <span class='ocrx_word' id='word_1_91' title='bbox 1140 1414 1199 1466; x_wconf 92' lang='lat' dir='ltr'><strong>et</strong></span> <span class='ocrx_word' id='word_1_92' title='bbox 1223 1413 1586 1479; x_wconf 89' lang='lat' dir='ltr'><strong>processibus</strong></span> <span class='ocrx_word' id='word_1_93' title='bbox 1610 1427 1676 1465; x_wconf 87' lang='lat' dir='ltr'><strong>ac</strong></span> <span class='ocrx_word' id='word_1_94' title='bbox 1697 1411 2199 1465; x_wconf 68' lang='lat' dir='ltr'><strong>informationibus</strong></span> <span class='ocrx_word' id='word_1_95' title='bbox 2232 1410 2679 1475; x_wconf 85' lang='lat' dir='ltr'><strong>quibuscumque</strong></span> 
     </span>
     <span class='ocr_line' id='line_1_11' title="bbox 267 1490 2681 1562; baseline -0.002 -17"><span class='ocrx_word' id='word_1_96' title='bbox 267 1505 349 1557; x_wconf 85' lang='lat' dir='ltr'><strong>per</strong></span> <span class='ocrx_word' id='word_1_97' title='bbox 377 1505 497 1546; x_wconf 90' lang='lat' dir='ltr'><strong>eum</strong></span> <span class='ocrx_word' id='word_1_98' title='bbox 528 1494 773 1560; x_wconf 90' lang='lat' dir='ltr'><strong>desuper</strong></span> <span class='ocrx_word' id='word_1_99' title='bbox 805 1494 1013 1548; x_wconf 83' lang='lat' dir='ltr'><strong>habitis</strong></span> <span class='ocrx_word' id='word_1_100' title='bbox 1044 1498 1115 1549; x_wconf 88' lang='lat' dir='ltr'><strong>ad</strong></span> <span class='ocrx_word' id='word_1_101' title='bbox 1142 1496 1199 1549; x_wconf 91' lang='lat' dir='ltr'><strong>te</strong></span> <span class='ocrx_word' id='word_1_102' title='bbox 1232 1497 1514 1562; x_wconf 78' lang='lat' dir='ltr'><strong>remittat3</strong></span> <span class='ocrx_word' id='word_1_103' title='bbox 1549 1510 1617 1548; x_wconf 90' lang='lat' dir='ltr'><strong>ac</strong></span> <span class='ocrx_word' id='word_1_104' title='bbox 1649 1495 2021 1548; x_wconf 87' lang='lat' dir='ltr'><strong>decernentes</strong></span> <span class='ocrx_word' id='word_1_105' title='bbox 2056 1495 2285 1547; x_wconf 88' lang='lat' dir='ltr'><strong>irritum</strong></span> <span class='ocrx_word' id='word_1_106' title='bbox 2318 1494 2379 1546; x_wconf 87' lang='lat' dir='ltr'><strong>et</strong></span> <span class='ocrx_word' id='word_1_107' title='bbox 2416 1492 2605 1550; x_wconf 84' lang='lat' dir='ltr'><strong>inane.</strong></span> <span class='ocrx_word' id='word_1_108' title='bbox 2628 1490 2681 1542; x_wconf 88' lang='lat' dir='ltr'><strong>si</strong></span> 
     </span>
     <span class='ocr_line' id='line_1_12' title="bbox 267 1573 2673 1645; baseline -0 -18"><span class='ocrx_word' id='word_1_109' title='bbox 267 1587 401 1627; x_wconf 81' lang='lat' dir='ltr'><strong>secus</strong></span> <span class='ocrx_word' id='word_1_110' title='bbox 431 1589 594 1642; x_wconf 90' lang='lat' dir='ltr'><strong>super</strong></span> <span class='ocrx_word' id='word_1_111' title='bbox 625 1577 740 1629; x_wconf 87' lang='lat' dir='ltr'><strong>hiis</strong></span> <span class='ocrx_word' id='word_1_112' title='bbox 772 1592 879 1645; x_wconf 88' lang='lat' dir='ltr'><strong>per</strong></span> <span class='ocrx_word' id='word_1_113' title='bbox 912 1580 1154 1632; x_wconf 89' lang='lat' dir='ltr'><strong>eundem</strong></span> <span class='ocrx_word' id='word_1_114' title='bbox 1188 1579 1586 1645; x_wconf 86' lang='lat' dir='ltr'><strong>iuquisitorem</strong></span> <span class='ocrx_word' id='word_1_115' title='bbox 1619 1591 1686 1631; x_wconf 88' lang='lat' dir='ltr'><strong>ac</strong></span> <span class='ocrx_word' id='word_1_116' title='bbox 1709 1590 2094 1644; x_wconf 90' lang='lat' dir='ltr'><strong>quoscumque</strong></span> <span class='ocrx_word' id='word_1_117' title='bbox 2116 1576 2261 1629; x_wconf 90' lang='lat' dir='ltr'><strong>alios</strong></span> <span class='ocrx_word' id='word_1_118' title='bbox 2300 1576 2546 1629; x_wconf 87' lang='lat' dir='ltr'><strong>scienter</strong></span> <span class='ocrx_word' id='word_1_119' title='bbox 2584 1573 2673 1627; x_wconf 84' lang='lat' dir='ltr'><strong>vel</strong></span> 
     </span>
     <span class='ocr_line' id='line_1_13' title="bbox 267 1655 2680 1729; baseline 0 -19"><span class='ocrx_word' id='word_1_120' title='bbox 267 1656 563 1723; x_wconf 77' lang='lat' dir='ltr'><strong>ignoranter</strong></span> <span class='ocrx_word' id='word_1_121' title='bbox 586 1660 893 1727; x_wconf 87' lang='lat' dir='ltr'><strong>contigerit</strong></span> <span class='ocrx_word' id='word_1_122' title='bbox 916 1662 1259 1729; x_wconf 87' lang='lat' dir='ltr'><strong>attemptari,</strong></span> <span class='ocrx_word' id='word_1_123' title='bbox 1288 1675 1402 1715; x_wconf 85' lang='lat' dir='ltr'><strong>non</strong></span> <span class='ocrx_word' id='word_1_124' title='bbox 1426 1661 1780 1714; x_wconf 87' lang='lat' dir='ltr'><strong>obstantibus</strong></span> <span class='ocrx_word' id='word_1_125' title='bbox 1801 1660 1881 1714; x_wconf 72' lang='lat' dir='ltr'><strong>tel</strong></span> <span class='ocrx_word' id='word_1_126' title='bbox 1907 1673 2023 1713; x_wconf 87' lang='lat' dir='ltr'><strong>rec.</strong></span> <span class='ocrx_word' id='word_1_127' title='bbox 2050 1659 2333 1712; x_wconf 75' lang='lat' dir='ltr'><strong>Boniiacii</strong></span> <span class='ocrx_word' id='word_1_128' title='bbox 2354 1671 2501 1725; x_wconf 87' lang='lat' dir='ltr'><strong>pape</strong></span> <span class='ocrx_word' id='word_1_129' title='bbox 2521 1655 2680 1719; x_wconf 88' lang='lat' dir='ltr'><strong>vm,</strong></span> 
     </span>
     <span class='ocr_line' id='line_1_14' title="bbox 268 1740 2680 1809; baseline -0 -17"><span class='ocrx_word' id='word_1_130' title='bbox 268 1740 653 1804; x_wconf 81' lang='lat' dir='ltr'><strong>predecessoris</strong></span> <span class='ocrx_word' id='word_1_131' title='bbox 683 1743 886 1807; x_wconf 85' lang='lat' dir='ltr'><strong>nostri,</strong></span> <span class='ocrx_word' id='word_1_132' title='bbox 911 1745 972 1796; x_wconf 91' lang='lat' dir='ltr'><strong>in</strong></span> <span class='ocrx_word' id='word_1_133' title='bbox 1006 1744 1211 1809; x_wconf 87' lang='lat' dir='ltr'><strong>quibus</strong></span> <span class='ocrx_word' id='word_1_134' title='bbox 1244 1746 1494 1807; x_wconf 85' lang='lat' dir='ltr'><strong>cavetur,</strong></span> <span class='ocrx_word' id='word_1_135' title='bbox 1520 1758 1593 1797; x_wconf 90' lang='lat' dir='ltr'><strong>ne</strong></span> <span class='ocrx_word' id='word_1_136' title='bbox 1628 1745 1756 1809; x_wconf 89' lang='lat' dir='ltr'><strong>quis</strong></span> <span class='ocrx_word' id='word_1_137' title='bbox 1791 1744 1957 1796; x_wconf 90' lang='lat' dir='ltr'><strong>extra</strong></span> <span class='ocrx_word' id='word_1_138' title='bbox 1987 1756 2148 1796; x_wconf 88' lang='lat' dir='ltr'><strong>suam</strong></span> <span class='ocrx_word' id='word_1_139' title='bbox 2170 1742 2461 1803; x_wconf 86' lang='lat' dir='ltr'><strong>diocesim,</strong></span> <span class='ocrx_word' id='word_1_140' title='bbox 2486 1740 2597 1793; x_wconf 86' lang='lat' dir='ltr'><strong>nisi</strong></span> <span class='ocrx_word' id='word_1_141' title='bbox 2617 1740 2680 1791; x_wconf 90' lang='lat' dir='ltr'><strong>in</strong></span> 
     </span>
     <span class='ocr_line' id='line_1_15' title="bbox 269 1821 2680 1891; baseline 0 -18"><span class='ocrx_word' id='word_1_142' title='bbox 269 1823 415 1874; x_wconf 87' lang='lat' dir='ltr'><strong>certis</strong></span> <span class='ocrx_word' id='word_1_143' title='bbox 444 1826 690 1891; x_wconf 87' lang='lat' dir='ltr'><strong>exceptis</strong></span> <span class='ocrx_word' id='word_1_144' title='bbox 722 1827 965 1888; x_wconf 74' lang='lat' dir='ltr'><strong>casibuS,</strong></span> <span class='ocrx_word' id='word_1_145' title='bbox 991 1828 1052 1879; x_wconf 91' lang='lat' dir='ltr'><strong>et</strong></span> <span class='ocrx_word' id='word_1_146' title='bbox 1083 1829 1143 1880; x_wconf 87' lang='lat' dir='ltr'><strong>in</strong></span> <span class='ocrx_word' id='word_1_147' title='bbox 1178 1827 1294 1880; x_wconf 89' lang='lat' dir='ltr'><strong>illis</strong></span> <span class='ocrx_word' id='word_1_148' title='bbox 1328 1828 1482 1881; x_wconf 87' lang='lat' dir='ltr'><strong>ultra</strong></span> <span class='ocrx_word' id='word_1_149' title='bbox 1513 1841 1684 1881; x_wconf 88' lang='lat' dir='ltr'><strong>unam</strong></span> <span class='ocrx_word' id='word_1_150' title='bbox 1718 1827 1929 1880; x_wconf 87' lang='lat' dir='ltr'><strong>dietam</strong></span> <span class='ocrx_word' id='word_1_151' title='bbox 1963 1839 2000 1878; x_wconf 88' lang='lat' dir='ltr'><strong>a</strong></span> <span class='ocrx_word' id='word_1_152' title='bbox 2029 1826 2144 1878; x_wconf 86' lang='lat' dir='ltr'><strong>fine</strong></span> <span class='ocrx_word' id='word_1_153' title='bbox 2184 1824 2427 1879; x_wconf 83' lang='lat' dir='ltr'><strong>diocesis</strong></span> <span class='ocrx_word' id='word_1_154' title='bbox 2465 1836 2569 1876; x_wconf 87' lang='lat' dir='ltr'><strong>sue</strong></span> <span class='ocrx_word' id='word_1_155' title='bbox 2609 1821 2680 1874; x_wconf 88' lang='lat' dir='ltr'><strong>ad</strong></span> 
     </span>
     <span class='ocr_line' id='line_1_16' title="bbox 269 1903 2681 1976; baseline 0.001 -22"><span class='ocrx_word' id='word_1_156' title='bbox 269 1903 505 1960; x_wconf 86' lang='lat' dir='ltr'><strong>iudicium</strong></span> <span class='ocrx_word' id='word_1_157' title='bbox 538 1908 824 1968; x_wconf 85' lang='lat' dir='ltr'><strong>evocetur,</strong></span> <span class='ocrx_word' id='word_1_158' title='bbox 850 1923 950 1962; x_wconf 88' lang='lat' dir='ltr'><strong>seu</strong></span> <span class='ocrx_word' id='word_1_159' title='bbox 985 1923 1057 1964; x_wconf 90' lang='lat' dir='ltr'><strong>ne</strong></span> <span class='ocrx_word' id='word_1_160' title='bbox 1091 1910 1308 1963; x_wconf 87' lang='lat' dir='ltr'><strong>iudices</strong></span> <span class='ocrx_word' id='word_1_161' title='bbox 1342 1924 1377 1963; x_wconf 90' lang='lat' dir='ltr'><strong>a</strong></span> <span class='ocrx_word' id='word_1_162' title='bbox 1410 1911 1545 1965; x_wconf 92' lang='lat' dir='ltr'><strong>sede</strong></span> <span class='ocrx_word' id='word_1_163' title='bbox 1579 1908 1893 1976; x_wconf 89' lang='lat' dir='ltr'><strong>apostolica</strong></span> <span class='ocrx_word' id='word_1_164' title='bbox 1926 1908 2182 1975; x_wconf 88' lang='lat' dir='ltr'><strong>deputati</strong></span> <span class='ocrx_word' id='word_1_165' title='bbox 2206 1909 2370 1961; x_wconf 90' lang='lat' dir='ltr'><strong>extra</strong></span> <span class='ocrx_word' id='word_1_166' title='bbox 2394 1905 2681 1959; x_wconf 88' lang='lat' dir='ltr'><strong>civitatem</strong></span> 
     </span>
     <span class='ocr_line' id='line_1_17' title="bbox 270 1987 2684 2060; baseline 0.001 -23"><span class='ocrx_word' id='word_1_167' title='bbox 270 1988 316 2037; x_wconf 89' lang='lat' dir='ltr'><strong>et</strong></span> <span class='ocrx_word' id='word_1_168' title='bbox 327 1987 599 2055; x_wconf 85' lang='lat' dir='ltr'><strong>diocesim,</strong></span> <span class='ocrx_word' id='word_1_169' title='bbox 619 1993 682 2044; x_wconf 90' lang='lat' dir='ltr'><strong>in</strong></span> <span class='ocrx_word' id='word_1_170' title='bbox 703 1993 909 2056; x_wconf 86' lang='lat' dir='ltr'><strong>quibus</strong></span> <span class='ocrx_word' id='word_1_171' title='bbox 932 1993 1184 2059; x_wconf 86' lang='lat' dir='ltr'><strong>deputati</strong></span> <span class='ocrx_word' id='word_1_172' title='bbox 1207 1994 1442 2060; x_wconf 74' lang='lat' dir='ltr'><strong>tuerint,</strong></span> <span class='ocrx_word' id='word_1_173' title='bbox 1459 1996 1660 2046; x_wconf 81' lang='lat' dir='ltr'><strong>contra</strong></span> <span class='ocrx_word' id='word_1_174' title='bbox 1676 2005 2061 2058; x_wconf 87' lang='lat' dir='ltr'><strong>quoscumque</strong></span> <span class='ocrx_word' id='word_1_175' title='bbox 2083 1991 2412 2058; x_wconf 86' lang='lat' dir='ltr'><strong>procedere,</strong></span> <span class='ocrx_word' id='word_1_176' title='bbox 2435 1989 2535 2041; x_wconf 90' lang='lat' dir='ltr'><strong>aut</strong></span> <span class='ocrx_word' id='word_1_177' title='bbox 2555 1987 2684 2040; x_wconf 80' lang='lat' dir='ltr'><strong>aliis</strong></span> 
     </span>
     <span class='ocr_line' id='line_1_18' title="bbox 269 2069 2686 2142; baseline 0.001 -22"><span class='ocrx_word' id='word_1_178' title='bbox 269 2069 395 2123; x_wconf 80' lang='lat' dir='ltr'><strong>vices</strong></span> <span class='ocrx_word' id='word_1_179' title='bbox 424 2086 549 2125; x_wconf 85' lang='lat' dir='ltr'><strong>suas</strong></span> <span class='ocrx_word' id='word_1_180' title='bbox 581 2076 960 2141; x_wconf 85' lang='lat' dir='ltr'><strong>committere,</strong></span> <span class='ocrx_word' id='word_1_181' title='bbox 985 2078 1083 2129; x_wconf 87' lang='lat' dir='ltr'><strong>aut</strong></span> <span class='ocrx_word' id='word_1_182' title='bbox 1117 2075 1337 2142; x_wconf 90' lang='lat' dir='ltr'><strong>aliquos</strong></span> <span class='ocrx_word' id='word_1_183' title='bbox 1371 2079 1536 2129; x_wconf 89' lang='lat' dir='ltr'><strong>extra</strong></span> <span class='ocrx_word' id='word_1_184' title='bbox 1566 2076 1656 2129; x_wconf 88' lang='lat' dir='ltr'><strong>vel</strong></span> <span class='ocrx_word' id='word_1_185' title='bbox 1692 2075 1848 2129; x_wconf 89' lang='lat' dir='ltr'><strong>ultra</strong></span> <span class='ocrx_word' id='word_1_186' title='bbox 1881 2088 2052 2127; x_wconf 90' lang='lat' dir='ltr'><strong>unam</strong></span> <span class='ocrx_word' id='word_1_187' title='bbox 2087 2075 2297 2126; x_wconf 85' lang='lat' dir='ltr'><strong>dietam</strong></span> <span class='ocrx_word' id='word_1_188' title='bbox 2332 2087 2367 2126; x_wconf 90' lang='lat' dir='ltr'><strong>a</strong></span> <span class='ocrx_word' id='word_1_189' title='bbox 2398 2072 2512 2125; x_wconf 86' lang='lat' dir='ltr'><strong>fine</strong></span> <span class='ocrx_word' id='word_1_190' title='bbox 2536 2071 2686 2123; x_wconf 88' lang='lat' dir='ltr'><strong>dioc.</strong></span> 
     </span>
     <span class='ocr_line' id='line_1_19' title="bbox 270 2153 2688 2225; baseline 0.001 -22"><span class='ocrx_word' id='word_1_191' title='bbox 270 2155 546 2208; x_wconf 89' lang='lat' dir='ltr'><strong>eorundem</strong></span> <span class='ocrx_word' id='word_1_192' title='bbox 569 2157 800 2211; x_wconf 87' lang='lat' dir='ltr'><strong>trahere</strong></span> <span class='ocrx_word' id='word_1_193' title='bbox 824 2160 1173 2225; x_wconf 86' lang='lat' dir='ltr'><strong>presumant,</strong></span> <span class='ocrx_word' id='word_1_194' title='bbox 1200 2162 1258 2212; x_wconf 89' lang='lat' dir='ltr'><strong>et</strong></span> <span class='ocrx_word' id='word_1_195' title='bbox 1281 2160 1351 2212; x_wconf 92' lang='lat' dir='ltr'><strong>de</strong></span> <span class='ocrx_word' id='word_1_196' title='bbox 1376 2159 1592 2212; x_wconf 84' lang='lat' dir='ltr'><strong>duabus</strong></span> <span class='ocrx_word' id='word_1_197' title='bbox 1617 2159 1786 2211; x_wconf 90' lang='lat' dir='ltr'><strong>dietis</strong></span> <span class='ocrx_word' id='word_1_198' title='bbox 1809 2160 1870 2211; x_wconf 90' lang='lat' dir='ltr'><strong>in</strong></span> <span class='ocrx_word' id='word_1_199' title='bbox 1906 2156 2149 2210; x_wconf 90' lang='lat' dir='ltr'><strong>concilio</strong></span> <span class='ocrx_word' id='word_1_200' title='bbox 2186 2154 2472 2224; x_wconf 74' lang='lat' dir='ltr'><strong>generali3</strong></span> <span class='ocrx_word' id='word_1_201' title='bbox 2507 2155 2605 2207; x_wconf 88' lang='lat' dir='ltr'><strong>aut</strong></span> <span class='ocrx_word' id='word_1_202' title='bbox 2638 2153 2688 2205; x_wconf 90' lang='lat' dir='ltr'><strong>si</strong></span> 
     </span>
     <span class='ocr_line' id='line_1_20' title="bbox 274 2234 2690 2310; baseline 0.001 -24"><span class='ocrx_word' id='word_1_203' title='bbox 274 2234 608 2292; x_wconf 87' lang='lat' dir='ltr'><strong>Universitati</strong></span> <span class='ocrx_word' id='word_1_204' title='bbox 629 2243 886 2306; x_wconf 89' lang='lat' dir='ltr'><strong>predicte</strong></span> <span class='ocrx_word' id='word_1_205' title='bbox 910 2244 969 2295; x_wconf 89' lang='lat' dir='ltr'><strong>et</strong></span> <span class='ocrx_word' id='word_1_206' title='bbox 990 2241 1146 2294; x_wconf 88' lang='lat' dir='ltr'><strong>illius</strong></span> <span class='ocrx_word' id='word_1_207' title='bbox 1172 2243 1517 2303; x_wconf 84' lang='lat' dir='ltr'><strong>doctoribus,</strong></span> <span class='ocrx_word' id='word_1_208' title='bbox 1543 2242 1855 2310; x_wconf 85' lang='lat' dir='ltr'><strong>magistris,</strong></span> <span class='ocrx_word' id='word_1_209' title='bbox 1880 2240 2194 2293; x_wconf 87' lang='lat' dir='ltr'><strong>scolaribus</strong></span> <span class='ocrx_word' id='word_1_210' title='bbox 2217 2240 2277 2292; x_wconf 93' lang='lat' dir='ltr'><strong>et</strong></span> <span class='ocrx_word' id='word_1_211' title='bbox 2296 2237 2558 2304; x_wconf 87' lang='lat' dir='ltr'><strong>personis</strong></span> <span class='ocrx_word' id='word_1_212' title='bbox 2589 2237 2690 2288; x_wconf 86' lang='lat' dir='ltr'><strong>aut</strong></span> 
     </span>
     <span class='ocr_line' id='line_1_21' title="bbox 271 2318 2687 2387; baseline 0 -17"><span class='ocrx_word' id='word_1_213' title='bbox 271 2319 527 2382; x_wconf 79' lang='lat' dir='ltr'><strong>quibusvis</strong></span> <span class='ocrx_word' id='word_1_214' title='bbox 551 2322 680 2376; x_wconf 84' lang='lat' dir='ltr'><strong>aliis</strong></span> <span class='ocrx_word' id='word_1_215' title='bbox 702 2326 1079 2378; x_wconf 85' lang='lat' dir='ltr'><strong>communiter</strong></span> <span class='ocrx_word' id='word_1_216' title='bbox 1096 2324 1185 2378; x_wconf 88' lang='lat' dir='ltr'><strong>vel</strong></span> <span class='ocrx_word' id='word_1_217' title='bbox 1206 2325 1428 2377; x_wconf 82' lang='lat' dir='ltr'><strong>divisim</strong></span> <span class='ocrx_word' id='word_1_218' title='bbox 1448 2339 1483 2378; x_wconf 98' lang='lat' dir='ltr'><strong>a</strong></span> <span class='ocrx_word' id='word_1_219' title='bbox 1500 2326 1651 2378; x_wconf 90' lang='lat' dir='ltr'><strong>dicta</strong></span> <span class='ocrx_word' id='word_1_220' title='bbox 1666 2326 1743 2377; x_wconf 90' lang='lat' dir='ltr'><strong>sit</strong></span> <span class='ocrx_word' id='word_1_221' title='bbox 1759 2325 1896 2377; x_wconf 91' lang='lat' dir='ltr'><strong>sede</strong></span> <span class='ocrx_word' id='word_1_222' title='bbox 1914 2322 2215 2382; x_wconf 85' lang='lat' dir='ltr'><strong>indultum,</strong></span> <span class='ocrx_word' id='word_1_223' title='bbox 2227 2322 2380 2387; x_wconf 89' lang='lat' dir='ltr'><strong>quod</strong></span> <span class='ocrx_word' id='word_1_224' title='bbox 2400 2318 2687 2382; x_wconf 82' lang='lat' dir='ltr'><strong>interdici,</strong></span> 
     </span>
     <span class='ocr_line' id='line_1_22' title="bbox 273 2401 2691 2466; baseline 0.001 -15"><span class='ocrx_word' id='word_1_225' title='bbox 273 2404 509 2466; x_wconf 79' lang='lat' dir='ltr'><strong>suspendi</strong></span> <span class='ocrx_word' id='word_1_226' title='bbox 531 2405 621 2458; x_wconf 89' lang='lat' dir='ltr'><strong>vel</strong></span> <span class='ocrx_word' id='word_1_227' title='bbox 645 2409 1126 2461; x_wconf 86' lang='lat' dir='ltr'><strong>excommunicari</strong></span> <span class='ocrx_word' id='word_1_228' title='bbox 1149 2410 1248 2460; x_wconf 92' lang='lat' dir='ltr'><strong>aut</strong></span> <span class='ocrx_word' id='word_1_229' title='bbox 1269 2410 1435 2461; x_wconf 89' lang='lat' dir='ltr'><strong>extra</strong></span> <span class='ocrx_word' id='word_1_230' title='bbox 1455 2407 1545 2461; x_wconf 91' lang='lat' dir='ltr'><strong>vel</strong></span> <span class='ocrx_word' id='word_1_231' title='bbox 1570 2406 1723 2460; x_wconf 89' lang='lat' dir='ltr'><strong>ultra</strong></span> <span class='ocrx_word' id='word_1_232' title='bbox 1742 2420 1939 2459; x_wconf 90' lang='lat' dir='ltr'><strong>muros</strong></span> <span class='ocrx_word' id='word_1_233' title='bbox 1957 2404 2264 2458; x_wconf 87' lang='lat' dir='ltr'><strong>Lovanien.</strong></span> <span class='ocrx_word' id='word_1_234' title='bbox 2283 2416 2386 2456; x_wconf 90' lang='lat' dir='ltr'><strong>seu</strong></span> <span class='ocrx_word' id='word_1_235' title='bbox 2403 2402 2518 2455; x_wconf 92' lang='lat' dir='ltr'><strong>alia</strong></span> <span class='ocrx_word' id='word_1_236' title='bbox 2531 2401 2691 2454; x_wconf 88' lang='lat' dir='ltr'><strong>certa</strong></span> 
     </span>
     <span class='ocr_line' id='line_1_23' title="bbox 271 2479 2692 2556; baseline -0 -20"><span class='ocrx_word' id='word_1_237' title='bbox 271 2479 392 2548; x_wconf 86' lang='lat' dir='ltr'><strong>loca,</strong></span> <span class='ocrx_word' id='word_1_238' title='bbox 416 2489 510 2538; x_wconf 87' lang='lat' dir='ltr'><strong>aut</strong></span> <span class='ocrx_word' id='word_1_239' title='bbox 530 2502 722 2542; x_wconf 90' lang='lat' dir='ltr'><strong>coram</strong></span> <span class='ocrx_word' id='word_1_240' title='bbox 747 2489 875 2543; x_wconf 90' lang='lat' dir='ltr'><strong>aliis</strong></span> <span class='ocrx_word' id='word_1_241' title='bbox 899 2505 1068 2555; x_wconf 84' lang='lat' dir='ltr'><strong>quam</strong></span> <span class='ocrx_word' id='word_1_242' title='bbox 1100 2491 1273 2544; x_wconf 82' lang='lat' dir='ltr'><strong>certis</strong></span> <span class='ocrx_word' id='word_1_243' title='bbox 1307 2491 1593 2556; x_wconf 84' lang='lat' dir='ltr'><strong>expressis</strong></span> <span class='ocrx_word' id='word_1_244' title='bbox 1615 2489 1898 2542; x_wconf 87' lang='lat' dir='ltr'><strong>iudicibus</strong></span> <span class='ocrx_word' id='word_1_245' title='bbox 1921 2489 1981 2542; x_wconf 90' lang='lat' dir='ltr'><strong>et</strong></span> <span class='ocrx_word' id='word_1_246' title='bbox 2011 2485 2505 2541; x_wconf 82' lang='lat' dir='ltr'><strong>conservatoribus</strong></span> <span class='ocrx_word' id='word_1_247' title='bbox 2538 2482 2692 2536; x_wconf 87' lang='lat' dir='ltr'><strong>trahi</strong></span> 
     </span>
     <span class='ocr_line' id='line_1_24' title="bbox 275 2565 2691 2640; baseline 0.001 -25"><span class='ocrx_word' id='word_1_248' title='bbox 275 2567 323 2616; x_wconf 90' lang='lat' dir='ltr'><strong>et</strong></span> <span class='ocrx_word' id='word_1_249' title='bbox 350 2569 412 2619; x_wconf 86' lang='lat' dir='ltr'><strong>ad</strong></span> <span class='ocrx_word' id='word_1_250' title='bbox 442 2570 709 2625; x_wconf 87' lang='lat' dir='ltr'><strong>iudicium</strong></span> <span class='ocrx_word' id='word_1_251' title='bbox 746 2574 970 2626; x_wconf 84' lang='lat' dir='ltr'><strong>evocari</strong></span> <span class='ocrx_word' id='word_1_252' title='bbox 1004 2588 1118 2626; x_wconf 89' lang='lat' dir='ltr'><strong>non</strong></span> <span class='ocrx_word' id='word_1_253' title='bbox 1141 2574 1380 2640; x_wconf 85' lang='lat' dir='ltr'><strong>possint,</strong></span> <span class='ocrx_word' id='word_1_254' title='bbox 1407 2574 1464 2627; x_wconf 89' lang='lat' dir='ltr'><strong>et</strong></span> <span class='ocrx_word' id='word_1_255' title='bbox 1486 2573 1773 2637; x_wconf 83' lang='lat' dir='ltr'><strong>quibusvis</strong></span> <span class='ocrx_word' id='word_1_256' title='bbox 1796 2571 1926 2624; x_wconf 87' lang='lat' dir='ltr'><strong>aliis</strong></span> <span class='ocrx_word' id='word_1_257' title='bbox 1957 2570 2294 2638; x_wconf 88' lang='lat' dir='ltr'><strong>privilegiis,</strong></span> <span class='ocrx_word' id='word_1_258' title='bbox 2318 2565 2691 2635; x_wconf 81' lang='lat' dir='ltr'><strong>indulgentiis</strong></span> 
     </span>
     <span class='ocr_line' id='line_1_25' title="bbox 277 2648 2692 2723; baseline -0.001 -21"><span class='ocrx_word' id='word_1_259' title='bbox 277 2648 326 2698; x_wconf 80' lang='lat' dir='ltr'><strong>et</strong></span> <span class='ocrx_word' id='word_1_260' title='bbox 363 2649 558 2706; x_wconf 85' lang='lat' dir='ltr'><strong>litteris</strong></span> <span class='ocrx_word' id='word_1_261' title='bbox 605 2654 932 2722; x_wconf 86' lang='lat' dir='ltr'><strong>apostolicis</strong></span> <span class='ocrx_word' id='word_1_262' title='bbox 972 2654 1336 2723; x_wconf 86' lang='lat' dir='ltr'><strong>generalibus</strong></span> <span class='ocrx_word' id='word_1_263' title='bbox 1373 2654 1463 2709; x_wconf 90' lang='lat' dir='ltr'><strong>vel</strong></span> <span class='ocrx_word' id='word_1_264' title='bbox 1504 2654 1864 2722; x_wconf 86' lang='lat' dir='ltr'><strong>specialibus,</strong></span> <span class='ocrx_word' id='word_1_265' title='bbox 1908 2664 2389 2718; x_wconf 87' lang='lat' dir='ltr'><strong>quorumcumque</strong></span> <span class='ocrx_word' id='word_1_266' title='bbox 2428 2651 2692 2702; x_wconf 87' lang='lat' dir='ltr'><strong>tenorum</strong></span> 
     </span>
     <span class='ocr_line' id='line_1_26' title="bbox 275 2730 2693 2807; baseline 0.001 -25"><span class='ocrx_word' id='word_1_267' title='bbox 275 2732 510 2797; x_wconf 83' lang='lat' dir='ltr'><strong>existant,</strong></span> <span class='ocrx_word' id='word_1_268' title='bbox 534 2752 638 2804; x_wconf 91' lang='lat' dir='ltr'><strong>per</strong></span> <span class='ocrx_word' id='word_1_269' title='bbox 672 2752 783 2804; x_wconf 91' lang='lat' dir='ltr'><strong>que</strong></span> <span class='ocrx_word' id='word_1_270' title='bbox 816 2739 1177 2805; x_wconf 89' lang='lat' dir='ltr'><strong>presentibus</strong></span> <span class='ocrx_word' id='word_1_271' title='bbox 1211 2753 1321 2793; x_wconf 90' lang='lat' dir='ltr'><strong>non</strong></span> <span class='ocrx_word' id='word_1_272' title='bbox 1356 2752 1633 2807; x_wconf 89' lang='lat' dir='ltr'><strong>expressa</strong></span> <span class='ocrx_word' id='word_1_273' title='bbox 1652 2737 1744 2791; x_wconf 90' lang='lat' dir='ltr'><strong>vel</strong></span> <span class='ocrx_word' id='word_1_274' title='bbox 1767 2735 2020 2791; x_wconf 85' lang='lat' dir='ltr'><strong>totaliter</strong></span> <span class='ocrx_word' id='word_1_275' title='bbox 2042 2750 2155 2789; x_wconf 90' lang='lat' dir='ltr'><strong>non</strong></span> <span class='ocrx_word' id='word_1_276' title='bbox 2176 2735 2413 2797; x_wconf 85' lang='lat' dir='ltr'><strong>inserta,</strong></span> <span class='ocrx_word' id='word_1_277' title='bbox 2436 2730 2693 2785; x_wconf 86' lang='lat' dir='ltr'><strong>iurisdic-</strong></span> 
     </span>
     <span class='ocr_line' id='line_1_27' title="bbox 274 2814 2690 2888; baseline 0 -22"><span class='ocrx_word' id='word_1_278' title='bbox 274 2814 421 2869; x_wconf 78' lang='lat' dir='ltr'><strong>tionis</strong></span> <span class='ocrx_word' id='word_1_279' title='bbox 452 2822 508 2872; x_wconf 93' lang='lat' dir='ltr'><strong>et</strong></span> <span class='ocrx_word' id='word_1_280' title='bbox 536 2821 824 2875; x_wconf 76' lang='lat' dir='ltr'><strong>facultatis</strong></span> <span class='ocrx_word' id='word_1_281' title='bbox 858 2822 962 2874; x_wconf 90' lang='lat' dir='ltr'><strong>tibi</strong></span> <span class='ocrx_word' id='word_1_282' title='bbox 995 2837 1264 2876; x_wconf 88' lang='lat' dir='ltr'><strong>concesse</strong></span> <span class='ocrx_word' id='word_1_283' title='bbox 1297 2824 1356 2876; x_wconf 89' lang='lat' dir='ltr'><strong>et</strong></span> <span class='ocrx_word' id='word_1_284' title='bbox 1388 2837 1424 2875; x_wconf 86' lang='lat' dir='ltr'><strong>a</strong></span> <span class='ocrx_word' id='word_1_285' title='bbox 1458 2826 1513 2875; x_wconf 88' lang='lat' dir='ltr'><strong>te</strong></span> <span class='ocrx_word' id='word_1_286' title='bbox 1556 2821 2008 2888; x_wconf 87' lang='lat' dir='ltr'><strong>deputandorum</strong></span> <span class='ocrx_word' id='word_1_287' title='bbox 2043 2821 2103 2873; x_wconf 92' lang='lat' dir='ltr'><strong>et</strong></span> <span class='ocrx_word' id='word_1_288' title='bbox 2136 2816 2690 2885; x_wconf 86' lang='lat' dir='ltr'><strong>subdelegandorum</strong></span> 
     </span>
     <span class='ocr_line' id='line_1_28' title="bbox 274 2896 2687 2973; baseline -0 -22"><span class='ocrx_word' id='word_1_289' title='bbox 274 2896 568 2958; x_wconf 85' lang='lat' dir='ltr'><strong>huiusmodi</strong></span> <span class='ocrx_word' id='word_1_290' title='bbox 585 2904 888 2972; x_wconf 87' lang='lat' dir='ltr'><strong>explicatio</strong></span> <span class='ocrx_word' id='word_1_291' title='bbox 906 2906 1173 2972; x_wconf 90' lang='lat' dir='ltr'><strong>impediri</strong></span> <span class='ocrx_word' id='word_1_292' title='bbox 1195 2908 1389 2973; x_wconf 88' lang='lat' dir='ltr'><strong>posset</strong></span> <span class='ocrx_word' id='word_1_293' title='bbox 1412 2904 1839 2971; x_wconf 89' lang='lat' dir='ltr'><strong>quomodolibet</strong></span> <span class='ocrx_word' id='word_1_294' title='bbox 1859 2903 1948 2957; x_wconf 88' lang='lat' dir='ltr'><strong>vel</strong></span> <span class='ocrx_word' id='word_1_295' title='bbox 1973 2902 2210 2967; x_wconf 73' lang='lat' dir='ltr'><strong>differri,</strong></span> <span class='ocrx_word' id='word_1_296' title='bbox 2235 2902 2459 2967; x_wconf 88' lang='lat' dir='ltr'><strong>quibus,</strong></span> <span class='ocrx_word' id='word_1_297' title='bbox 2484 2899 2687 2953; x_wconf 83' lang='lat' dir='ltr'><strong>etiam-</strong></span> 
     </span>
     <span class='ocr_line' id='line_1_29' title="bbox 276 2982 2693 3054; baseline 0.002 -24"><span class='ocrx_word' id='word_1_298' title='bbox 276 2982 318 3031; x_wconf 84' lang='lat' dir='ltr'><strong>si</strong></span> <span class='ocrx_word' id='word_1_299' title='bbox 340 2984 405 3038; x_wconf 93' lang='lat' dir='ltr'><strong>de</strong></span> <span class='ocrx_word' id='word_1_300' title='bbox 426 2988 503 3039; x_wconf 89' lang='lat' dir='ltr'><strong>eis</strong></span> <span class='ocrx_word' id='word_1_301' title='bbox 525 3002 833 3054; x_wconf 89' lang='lat' dir='ltr'><strong>eorumque</strong></span> <span class='ocrx_word' id='word_1_302' title='bbox 859 2990 994 3041; x_wconf 86' lang='lat' dir='ltr'><strong>totis</strong></span> <span class='ocrx_word' id='word_1_303' title='bbox 1017 2990 1311 3043; x_wconf 88' lang='lat' dir='ltr'><strong>tenoribus</strong></span> <span class='ocrx_word' id='word_1_304' title='bbox 1335 2990 1596 3043; x_wconf 86' lang='lat' dir='ltr'><strong>habenda</strong></span> <span class='ocrx_word' id='word_1_305' title='bbox 1616 2990 1769 3042; x_wconf 87' lang='lat' dir='ltr'><strong>esset</strong></span> <span class='ocrx_word' id='word_1_306' title='bbox 1789 2987 2003 3041; x_wconf 88' lang='lat' dir='ltr'><strong>mentio</strong></span> <span class='ocrx_word' id='word_1_307' title='bbox 2028 2985 2308 3054; x_wconf 85' lang='lat' dir='ltr'><strong>specialis.</strong></span> <span class='ocrx_word' id='word_1_308' title='bbox 2332 2983 2693 3052; x_wconf 83' lang='lat' dir='ltr'><strong>presentibus</strong></span> 
     </span>
     <span class='ocr_line' id='line_1_30' title="bbox 278 3066 2695 3137; baseline 0.001 -21"><span class='ocrx_word' id='word_1_309' title='bbox 278 3077 370 3128; x_wconf 87' lang='lat' dir='ltr'><strong>pro</strong></span> <span class='ocrx_word' id='word_1_310' title='bbox 400 3072 673 3137; x_wconf 88' lang='lat' dir='ltr'><strong>expressis</strong></span> <span class='ocrx_word' id='word_1_311' title='bbox 706 3071 1001 3135; x_wconf 86' lang='lat' dir='ltr'><strong>habentes,</strong></span> <span class='ocrx_word' id='word_1_312' title='bbox 1025 3072 1144 3123; x_wconf 91' lang='lat' dir='ltr'><strong>illis</strong></span> <span class='ocrx_word' id='word_1_313' title='bbox 1167 3072 1308 3125; x_wconf 89' lang='lat' dir='ltr'><strong>alias</strong></span> <span class='ocrx_word' id='word_1_314' title='bbox 1330 3073 1390 3124; x_wconf 93' lang='lat' dir='ltr'><strong>in</strong></span> <span class='ocrx_word' id='word_1_315' title='bbox 1413 3087 1517 3124; x_wconf 88' lang='lat' dir='ltr'><strong>suo</strong></span> <span class='ocrx_word' id='word_1_316' title='bbox 1540 3072 1750 3125; x_wconf 91' lang='lat' dir='ltr'><strong>robore</strong></span> <span class='ocrx_word' id='word_1_317' title='bbox 1772 3070 2180 3137; x_wconf 89' lang='lat' dir='ltr'><strong>permansuris,</strong></span> <span class='ocrx_word' id='word_1_318' title='bbox 2205 3069 2393 3135; x_wconf 87' lang='lat' dir='ltr'><strong>quoad</strong></span> <span class='ocrx_word' id='word_1_319' title='bbox 2415 3066 2695 3134; x_wconf 84' lang='lat' dir='ltr'><strong>premissa</strong></span> 
     </span>
     <span class='ocr_line' id='line_1_31' title="bbox 282 3146 2697 3220; baseline -0.002 -18"><span class='ocrx_word' id='word_1_320' title='bbox 282 3150 578 3210; x_wconf 73' lang='lat' dir='ltr'><strong>specialiter</strong></span> <span class='ocrx_word' id='word_1_321' title='bbox 612 3154 672 3206; x_wconf 90' lang='lat' dir='ltr'><strong>et</strong></span> <span class='ocrx_word' id='word_1_322' title='bbox 711 3167 982 3218; x_wconf 87' lang='lat' dir='ltr'><strong>expresse</strong></span> <span class='ocrx_word' id='word_1_323' title='bbox 1029 3154 1370 3220; x_wconf 84' lang='lat' dir='ltr'><strong>derogamus</strong></span> <span class='ocrx_word' id='word_1_324' title='bbox 1403 3154 1724 3218; x_wconf 86' lang='lat' dir='ltr'><strong>ceterisque</strong></span> <span class='ocrx_word' id='word_1_325' title='bbox 1762 3151 2068 3205; x_wconf 87' lang='lat' dir='ltr'><strong>contrariis</strong></span> <span class='ocrx_word' id='word_1_326' title='bbox 2106 3151 2572 3216; x_wconf 88' lang='lat' dir='ltr'><strong>quibuscumque.</strong></span> <span class='ocrx_word' id='word_1_327' title='bbox 2608 3146 2697 3198; x_wconf 87' lang='lat' dir='ltr'><strong>Tu</strong></span> 
     </span>
     <span class='ocr_line' id='line_1_32' title="bbox 285 3228 2700 3303; baseline -0.001 -20"><span class='ocrx_word' id='word_1_328' title='bbox 285 3233 452 3285; x_wconf 85' lang='lat' dir='ltr'><strong>autem</strong></span> <span class='ocrx_word' id='word_1_329' title='bbox 482 3235 539 3286; x_wconf 90' lang='lat' dir='ltr'><strong>in</strong></span> <span class='ocrx_word' id='word_1_330' title='bbox 568 3236 862 3303; x_wconf 86' lang='lat' dir='ltr'><strong>premissis</strong></span> <span class='ocrx_word' id='word_1_331' title='bbox 896 3237 979 3288; x_wconf 92' lang='lat' dir='ltr'><strong>sic</strong></span> <span class='ocrx_word' id='word_1_332' title='bbox 1012 3237 1069 3290; x_wconf 89' lang='lat' dir='ltr'><strong>te</strong></span> <span class='ocrx_word' id='word_1_333' title='bbox 1104 3249 1274 3303; x_wconf 84' lang='lat' dir='ltr'><strong>geras</strong></span> <span class='ocrx_word' id='word_1_334' title='bbox 1306 3234 1570 3303; x_wconf 89' lang='lat' dir='ltr'><strong>sollicite,</strong></span> <span class='ocrx_word' id='word_1_335' title='bbox 1595 3234 1845 3289; x_wconf 86' lang='lat' dir='ltr'><strong>fideliter</strong></span> <span class='ocrx_word' id='word_1_336' title='bbox 1878 3236 1939 3288; x_wconf 94' lang='lat' dir='ltr'><strong>et</strong></span> <span class='ocrx_word' id='word_1_337' title='bbox 1957 3234 2291 3302; x_wconf 87' lang='lat' dir='ltr'><strong>prudenter,</strong></span> <span class='ocrx_word' id='word_1_338' title='bbox 2319 3232 2469 3297; x_wconf 89' lang='lat' dir='ltr'><strong>quod</strong></span> <span class='ocrx_word' id='word_1_339' title='bbox 2491 3228 2700 3284; x_wconf 90' lang='lat' dir='ltr'><strong>exinde</strong></span> 
     </span>
     <span class='ocr_line' id='line_1_33' title="bbox 284 3311 1338 3373; baseline 0.004 -11"><span class='ocrx_word' id='word_1_340' title='bbox 284 3311 449 3373; x_wconf 82' lang='lat' dir='ltr'><strong>possis</strong></span> <span class='ocrx_word' id='word_1_341' title='bbox 469 3326 502 3365; x_wconf 86' lang='lat' dir='ltr'><strong>a</strong></span> <span class='ocrx_word' id='word_1_342' title='bbox 521 3314 683 3367; x_wconf 89' lang='lat' dir='ltr'><strong>nobis</strong></span> <span class='ocrx_word' id='word_1_343' title='bbox 703 3315 909 3367; x_wconf 91' lang='lat' dir='ltr'><strong>merito</strong></span> <span class='ocrx_word' id='word_1_344' title='bbox 933 3314 1338 3367; x_wconf 89' lang='lat' dir='ltr'><strong>commendari.</strong></span> 
     </span>
    </p>

    <p class='ocr_par' dir='ltr' id='par_1_3' title="bbox 340 3392 2695 3463">
     <span class='ocr_line' id='line_1_34' title="bbox 340 3392 2695 3463; baseline 0 -17"><span class='ocrx_word' id='word_1_345' title='bbox 340 3393 529 3448; x_wconf 83' lang='lat' dir='ltr'><strong>Datum</strong></span> <span class='ocrx_word' id='word_1_346' title='bbox 559 3397 743 3450; x_wconf 86' lang='lat' dir='ltr'><strong>Rome</strong></span> <span class='ocrx_word' id='word_1_347' title='bbox 776 3398 925 3463; x_wconf 85' lang='lat' dir='ltr'><strong>apud</strong></span> <span class='ocrx_word' id='word_1_348' title='bbox 960 3397 1016 3449; x_wconf 90' lang='lat' dir='ltr'><strong>S.</strong></span> <span class='ocrx_word' id='word_1_349' title='bbox 1044 3398 1299 3461; x_wconf 87' lang='lat' dir='ltr'><strong>Petrum,</strong></span> <span class='ocrx_word' id='word_1_350' title='bbox 1323 3410 1473 3450; x_wconf 88' lang='lat' dir='ltr'><strong>anno</strong></span> <span class='ocrx_word' id='word_1_351' title='bbox 1508 3398 1617 3452; x_wconf 85' lang='lat' dir='ltr'><strong>etc.</strong></span> <span class='ocrx_word' id='word_1_352' title='bbox 1642 3396 2084 3463; x_wconf 74' lang='lat' dir='ltr'><strong>Moochxxo,</strong></span> <span class='ocrx_word' id='word_1_353' title='bbox 2121 3396 2292 3449; x_wconf 88' lang='lat' dir='ltr'><strong>tertio</strong></span> <span class='ocrx_word' id='word_1_354' title='bbox 2325 3407 2505 3448; x_wconf 89' lang='lat' dir='ltr'><strong>nonas</strong></span> <span class='ocrx_word' id='word_1_355' title='bbox 2539 3392 2695 3459; x_wconf 84' lang='lat' dir='ltr'><strong>Maii,</strong></span> 
     </span>
    </p>
   </div>
   <div class='ocr_carea' id='block_1_3' title="bbox 285 3479 2696 3605">
    <p class='ocr_par' dir='ltr' id='par_1_4' title="bbox 285 3479 2696 3605">
     <span class='ocr_line' id='line_1_35' title="bbox 285 3479 1202 3540; baseline -0.007 0"><span class='ocrx_word' id='word_1_356' title='bbox 285 3479 619 3540; x_wconf 72' lang='lat' dir='ltr'><strong>pontificatus</strong></span> <span class='ocrx_word' id='word_1_357' title='bbox 642 3482 824 3535; x_wconf 88' lang='lat' dir='ltr'><strong>nostri</strong></span> <span class='ocrx_word' id='word_1_358' title='bbox 847 3495 996 3533; x_wconf 89' lang='lat' dir='ltr'><strong>anno</strong></span> <span class='ocrx_word' id='word_1_359' title='bbox 1015 3482 1202 3535; x_wconf 87' lang='lat' dir='ltr'><strong>sexto.</strong></span> 
     </span>
     <span class='ocr_line' id='line_1_36' title="bbox 1552 3542 2696 3605; baseline -0.004 -5"><span class='ocrx_word' id='word_1_360' title='bbox 1552 3547 1853 3602; x_wconf 87' lang='lat' dir='ltr'><strong>Collation.</strong></span> <span class='ocrx_word' id='word_1_361' title='bbox 1877 3547 1944 3601; x_wconf 85' lang='lat' dir='ltr'><strong>G.</strong></span> <span class='ocrx_word' id='word_1_362' title='bbox 1967 3547 2240 3601; x_wconf 70' lang='lat' dir='ltr'><strong>Bmuuus.</strong></span> <span class='ocrx_word' id='word_1_363' title='bbox 2312 3545 2400 3598; x_wconf 73' lang='lat' dir='ltr'><strong>Ds</strong></span> <span class='ocrx_word' id='word_1_364' title='bbox 2420 3544 2616 3605; x_wconf 72' lang='lat' dir='ltr'><strong>Cultu,</strong></span> <span class='ocrx_word' id='word_1_365' title='bbox 2639 3542 2696 3595; x_wconf 80' lang='lat' dir='ltr'><strong>J.</strong></span> 
     </span>
    </p>
   </div>
   <div class='ocr_carea' id='block_1_4' title="bbox 707 3629 2703 4091">
    <p class='ocr_par' dir='ltr' id='par_1_5' title="bbox 707 3629 2703 4091">
     <span class='ocr_line' id='line_1_37' title="bbox 1873 3629 2298 3686; baseline -0.007 -2"><span class='ocrx_word' id='word_1_366' title='bbox 1873 3632 1941 3684; x_wconf 81' lang='lat' dir='ltr'><strong>A.</strong></span> <span class='ocrx_word' id='word_1_367' title='bbox 1964 3643 2040 3686; x_wconf 80' lang='lat' dir='ltr'><strong>nn</strong></span> <span class='ocrx_word' id='word_1_368' title='bbox 2060 3629 2298 3685; x_wconf 77' lang='lat' dir='ltr'><strong>Unsmo.</strong></span> 
     </span>
     <span class='ocr_line' id='line_1_38' title="bbox 707 3699 2703 3811; baseline -0.005 -7"><span class='ocrx_word' id='word_1_369' title='bbox 707 3699 716 3706; x_wconf 27' lang='grc' dir='ltr'><strong><em>ο</em></strong></span> <span class='ocrx_word' id='word_1_370' title='bbox 778 3746 1018 3804; x_wconf 75' lang='lat' dir='ltr'><strong>Arc-hiet</strong></span> <span class='ocrx_word' id='word_1_371' title='bbox 1048 3761 1157 3802; x_wconf 88' lang='lat' dir='ltr'><strong>van</strong></span> <span class='ocrx_word' id='word_1_372' title='bbox 1189 3745 1292 3802; x_wconf 90' lang='lat' dir='ltr'><strong>het</strong></span> <span class='ocrx_word' id='word_1_373' title='bbox 1323 3745 1593 3802; x_wconf 83' lang='lat' dir='ltr'><strong>Vaticaan</strong></span> <span class='ocrx_word' id='word_1_374' title='bbox 1627 3748 1685 3801; x_wconf 89' lang='lat' dir='ltr'><strong>te</strong></span> <span class='ocrx_word' id='word_1_375' title='bbox 1718 3746 1924 3811; x_wconf 84' lang='lat' dir='ltr'><strong>Rome,</strong></span> <span class='ocrx_word' id='word_1_376' title='bbox 1957 3744 2183 3801; x_wconf 69' lang='lat' dir='ltr'><strong>Paulus</strong></span> <span class='ocrx_word' id='word_1_377' title='bbox 2212 3743 2292 3808; x_wconf 92' lang='lat' dir='ltr'><strong>II,</strong></span> <span class='ocrx_word' id='word_1_378' title='bbox 2332 3743 2462 3811; x_wconf 69' lang='lat' dir='ltr'><strong>Rea.</strong></span> <span class='ocrx_word' id='word_1_379' title='bbox 2506 3741 2703 3805; x_wconf 67' lang='lat' dir='ltr'><strong>vatic..</strong></span> 
     </span>
     <span class='ocr_line' id='line_1_39' title="bbox 847 3829 1366 3899; baseline -0.006 -14"><span class='ocrx_word' id='word_1_380' title='bbox 847 3842 910 3885; x_wconf 81' lang='lat'><strong>11⁰</strong></span> <span class='ocrx_word' id='word_1_381' title='bbox 931 3831 1050 3899; x_wconf 82' lang='lat'><strong>540,</strong></span> <span class='ocrx_word' id='word_1_382' title='bbox 1073 3832 1174 3883; x_wconf 76' lang='lat' dir='ltr'><strong>iol.</strong></span> <span class='ocrx_word' id='word_1_383' title='bbox 1198 3829 1366 3883; x_wconf 81' lang='lat'><strong>96-98.</strong></span> 
     </span>
     <span class='ocr_line' id='line_1_40' title="bbox 1231 3995 1743 4091; baseline -0.006 -18"><span class='ocrx_word' id='word_1_384' title='bbox 1231 4004 1393 4073; x_wconf 79' lang='lat'><strong>146</strong></span> <span class='ocrx_word' id='word_1_385' title='bbox 1443 4003 1588 4089; x_wconf 80' lang='lat'>(121</span> <span class='ocrx_word' id='word_1_386' title='bbox 1608 3995 1743 4091; x_wconf 57' lang='grc' dir='ltr'><strong>Μ’).</strong></span> 
     </span>
    </p>
   </div>
   <div class='ocr_carea' id='block_1_5' title="bbox 294 4184 2703 4371">
    <p class='ocr_par' dir='ltr' id='par_1_6' title="bbox 294 4184 2703 4371">
     <span class='ocr_line' id='line_1_41' title="bbox 387 4184 2703 4276; baseline -0.003 -22"><span class='ocrx_word' id='word_1_387' title='bbox 387 4196 582 4271; x_wconf 82' lang='lat'><strong>1502,</strong></span> <span class='ocrx_word' id='word_1_388' title='bbox 634 4189 793 4258; x_wconf 80' lang='lat' dir='ltr'><strong>Juli</strong></span> <span class='ocrx_word' id='word_1_389' title='bbox 829 4195 979 4270; x_wconf 82' lang='lat'><strong>2-9,</strong></span> <span class='ocrx_word' id='word_1_390' title='bbox 1019 4185 1503 4276; x_wconf 74' lang='lat' dir='ltr'><strong>Luoeembury.</strong></span> <span class='ocrx_word' id='word_1_391' title='bbox 1545 4188 1957 4270; x_wconf 80' lang='lat' dir='ltr'><strong>Vermelding</strong></span> <span class='ocrx_word' id='word_1_392' title='bbox 2003 4203 2130 4252; x_wconf 89' lang='lat' dir='ltr'><strong>van</strong></span> <span class='ocrx_word' id='word_1_393' title='bbox 2179 4186 2302 4250; x_wconf 90' lang='lat' dir='ltr'><strong>den</strong></span> <span class='ocrx_word' id='word_1_394' title='bbox 2324 4184 2703 4266; x_wconf 87' lang='lat' dir='ltr'><strong>inquisiteur</strong></span> 
     </span>
     <span class='ocr_line' id='line_1_42' title="bbox 294 4288 1898 4371; baseline -0.002 -14"><span class='ocrx_word' id='word_1_395' title='bbox 294 4304 364 4351; x_wconf 78' lang='lat' dir='ltr'><strong>en</strong></span> <span class='ocrx_word' id='word_1_396' title='bbox 392 4293 760 4371; x_wconf 82' lang='lat' dir='ltr'><strong>predikheer</strong></span> <span class='ocrx_word' id='word_1_397' title='bbox 790 4292 1135 4357; x_wconf 86' lang='lat' dir='ltr'><strong>Bernarius</strong></span> <span class='ocrx_word' id='word_1_398' title='bbox 1167 4289 1246 4354; x_wconf 91' lang='lat' dir='ltr'><strong>de</strong></span> <span class='ocrx_word' id='word_1_399' title='bbox 1278 4288 1618 4353; x_wconf 82' lang='lat' dir='ltr'><strong>Francken</strong></span> <span class='ocrx_word' id='word_1_400' title='bbox 1651 4289 1898 4354; x_wconf 84' lang='lat' dir='ltr'><strong>aldaar.</strong></span> 
     </span>
    </p>
   </div>
   <div class='ocr_carea' id='block_1_6' title="bbox 660 4475 2316 4551">
    <p class='ocr_par' dir='ltr' id='par_1_7' title="bbox 660 4475 2316 4551">
     <span class='ocr_line' id='line_1_43' title="bbox 660 4475 2316 4551; baseline -0.004 -14"><span class='ocrx_word' id='word_1_401' title='bbox 660 4482 744 4537; x_wconf 73' lang='lat' dir='ltr'><strong>De</strong></span> <span class='ocrx_word' id='word_1_402' title='bbox 774 4481 1178 4551; x_wconf 78' lang='lat' dir='ltr'><strong>reformatione</strong></span> <span class='ocrx_word' id='word_1_403' title='bbox 1211 4478 1678 4536; x_wconf 71' lang='lat' dir='ltr'><strong>Pruedtcamrum</strong></span> <span class='ocrx_word' id='word_1_404' title='bbox 1710 4475 2316 4547; x_wconf 67' lang='lat' dir='ltr'><strong>Lumburyensium.</strong></span> 
     </span>
    </p>
   </div>
   <div class='ocr_carea' id='block_1_7' title="bbox 299 4589 2707 4747">
    <p class='ocr_par' dir='ltr' id='par_1_8' title="bbox 299 4589 2707 4747">
     <span class='ocr_line' id='line_1_44' title="bbox 355 4589 2706 4663; baseline 0 -17"><span class='ocrx_word' id='word_1_405' title='bbox 355 4592 509 4647; x_wconf 81' lang='lat' dir='ltr'><strong>Anno</strong></span> <span class='ocrx_word' id='word_1_406' title='bbox 547 4596 773 4650; x_wconf 88' lang='lat' dir='ltr'><strong>Domini</strong></span> <span class='ocrx_word' id='word_1_407' title='bbox 814 4596 958 4657; x_wconf 81' lang='lat'><strong>1502,</strong></span> <span class='ocrx_word' id='word_1_408' title='bbox 992 4597 1054 4649; x_wconf 89' lang='lat' dir='ltr'><strong>in</strong></span> <span class='ocrx_word' id='word_1_409' title='bbox 1088 4598 1290 4650; x_wconf 89' lang='lat' dir='ltr'><strong>octaua</strong></span> <span class='ocrx_word' id='word_1_410' title='bbox 1325 4596 1681 4650; x_wconf 79' lang='lat' dir='ltr'><strong>visitationis</strong></span> <span class='ocrx_word' id='word_1_411' title='bbox 1718 4593 1934 4663; x_wconf 87' lang='lat' dir='ltr'><strong>regalis</strong></span> <span class='ocrx_word' id='word_1_412' title='bbox 1973 4593 2082 4646; x_wconf 91' lang='lat' dir='ltr'><strong>Dei</strong></span> <span class='ocrx_word' id='word_1_413' title='bbox 2121 4591 2430 4662; x_wconf 83' lang='lat' dir='ltr'><strong>genetricis</strong></span> <span class='ocrx_word' id='word_1_414' title='bbox 2469 4589 2706 4647; x_wconf 72' lang='lat' dir='ltr'><strong>Mariae.</strong></span> 
     </span>
     <span class='ocr_line' id='line_1_45' title="bbox 299 4672 2707 4747; baseline -0.003 -15"><span class='ocrx_word' id='word_1_415' title='bbox 299 4676 618 4735; x_wconf 73' lang='lat' dir='ltr'><strong>retormatus</strong></span> <span class='ocrx_word' id='word_1_416' title='bbox 647 4679 738 4735; x_wconf 84' lang='lat' dir='ltr'><strong>est</strong></span> <span class='ocrx_word' id='word_1_417' title='bbox 769 4681 1081 4734; x_wconf 89' lang='lat' dir='ltr'><strong>conuentus</strong></span> <span class='ocrx_word' id='word_1_418' title='bbox 1116 4680 1311 4735; x_wconf 87' lang='lat' dir='ltr'><strong>noster</strong></span> <span class='ocrx_word' id='word_1_419' title='bbox 1342 4679 1861 4747; x_wconf 81' lang='lat' dir='ltr'><strong>Lutzenburgensis</strong></span> <span class='ocrx_word' id='word_1_420' title='bbox 1898 4676 2115 4732; x_wconf 89' lang='lat' dir='ltr'><strong>ordinis</strong></span> <span class='ocrx_word' id='word_1_421' title='bbox 2144 4677 2387 4729; x_wconf 71' lang='lat' dir='ltr'><strong>fratrum</strong></span> <span class='ocrx_word' id='word_1_422' title='bbox 2409 4672 2707 4727; x_wconf 88' lang='lat' dir='ltr'><strong>Praedica-</strong></span> 
     </span>
    </p>
   </div>
  </div>
 </body>
</html>
