3526 5522
1263 590 1466 644 ANNo
1503 591 1631 642 1418
1747 642 1765 655 ,
2627 593 2692 644 53

269 753 515 806 nolentes
557 756 825 817 deficere,
861 768 932 807 ex
964 755 1189 808 deiectu
1224 755 1662 808 sustentacionis
1695 756 1755 807 in
1793 756 2158 821 obprobrium
2192 754 2335 808 cleri
2367 758 2693 810 mendicare

265 836 341 890 vel
366 836 723 889 secularibus
757 838 1044 897 insudare,
1082 838 1284 889 contra
1319 851 1576 890 normam
1610 836 1875 904 apostoli,
1901 839 2035 904 quia
2058 858 2084 882 a
2108 852 2275 891 nemo
2298 839 2548 893 militans
2570 841 2692 893 Deo

267 933 320 972 se
339 919 595 985 implicat
615 919 968 973 secularibus
993 922 1248 987 negociis
1267 922 1340 985 (1)
1367 943 1416 986 u,
1442 919 1881 986 compelluntur.

326 1081 431 1134 Sed
451 1095 560 1133 cur
583 1082 692 1135 hec
713 1083 967 1148 premisi,
1004 1084 1232 1135 tandem
1257 1083 1485 1147 aperire
1509 1082 1739 1134 curabo.

323 1166 566 1225 Revera,
592 1166 831 1231 pretatis
855 1166 1129 1217 doctrinis
1152 1165 1544 1217 saluberrimis
1568 1179 1681 1216 non
1707 1163 2125 1233 obstant[ibus],
2152 1179 2390 1230 quorum
2425 1167 2695 1219 noticiam

270 1249 321 1301 et
351 1261 552 1301 verum
590 1246 948 1300 intellectum
981 1247 1194 1300 habere
1234 1247 1422 1306 debui,
1465 1261 1593 1314 ego,
1631 1247 1926 1300 Johannes
1977 1248 2048 1300 de
2096 1247 2409 1308 Alkmaria,
2452 1249 2695 1301 clericus

271 1330 642 1384 Traiectensis
687 1331 950 1396 diocesis,
983 1330 1259 1397 mag-ister
1288 1331 1350 1382 in
1385 1330 1602 1382 artibus
1636 1331 1811 1382 studii
1846 1331 2185 1383 Parisiensis
2219 1331 2278 1382 et
2308 1333 2369 1382 in
2404 1331 2696 1399 theologia

266 1414 673 1478 bmalaureus,
710 1415 912 1465 contra
942 1413 1249 1478 premissas
1284 1413 1572 1465 doctrinas
1610 1413 1997 1465 sanctissimas
2038 1414 2318 1477 quandam
2351 1415 2692 1480 scripturam

266 1497 564 1562 composui,
605 1509 727 1548 xxx
771 1493 1039 1548 articulos
1086 1496 1491 1554 continentem,
1539 1509 1652 1559 qua
1692 1497 2041 1561 persuadere
2092 1496 2285 1548 curavi
2330 1498 2692 1549 serenissimo

267 1580 320 1631 et
336 1579 624 1631 katholico
648 1579 913 1644 principi,
942 1578 1170 1629 domino
1204 1579 1332 1644 regi
1365 1577 1786 1643 Romanorum,
1822 1579 2006 1643 primo
2030 1580 2411 1644 presentando
2434 1581 2692 1646 eandem,

269 1662 321 1713 et
351 1662 560 1714 deinde
598 1661 839 1713 eandem
877 1659 1167 1712 transmisi
1208 1658 1687 1713 excellentissimo
1727 1661 1975 1726 principi
2019 1661 2146 1727 regi
2183 1661 2519 1727 Anglorum,
2560 1661 2697 1715 licet

270 1743 398 1795 nulli
453 1743 626 1796 alteri
682 1743 1216 1795 communicaverim
1262 1743 1323 1794 in
1371 1743 1618 1808 scriptis,
1667 1756 1774 1795 nec
1816 1744 2229 1809 predicaverim
2285 1743 2372 1796 vel
2417 1745 2478 1796 in
2523 1744 2694 1796 scolis

269 1826 579 1891 docuerim3
625 1827 777 1891 quod
820 1826 951 1884 ieci,
999 1826 1199 1877 ductus
1255 1824 1617 1891 simplicitate
1665 1827 1725 1879 et
1768 1839 1840 1878 ex
1883 1825 2125 1887 malicia,
2173 1827 2410 1878 credens
2454 1827 2694 1879 benevo-

272 1908 492 1961 lentiam
526 1909 817 1960 tantorum
851 1907 1173 1974 principum
1207 1920 1314 1973 per
1346 1907 1448 1960 has
1481 1909 1782 1961 mendaces
1804 1907 2062 1960 fallacias
2084 1909 2382 1974 acquirere
2404 1911 2464 1961 et
2484 1910 2694 1962 exinde

269 1991 631 2057 temporalem
671 1991 1199 2055 compensacionem
1239 1992 1557 2055 reportare,
1594 2003 1699 2043 nec
1733 2004 1860 2043 esse
1896 1992 2039 2042 tanti
2071 1991 2314 2056 periculi
2351 1993 2546 2055 quanti
2577 1993 2693 2044 iam

268 2070 383 2121 iore
415 2070 726 2134 conspicio,
765 2069 1068 2134 presertim
1100 2082 1206 2133 per
1239 2068 1410 2120 talem
1446 2069 1762 2121 doctrinam
1799 2083 2097 2121 erroneam
2136 2071 2218 2121 sic
2258 2070 2695 2135 dampnabiliter

270 2153 512 2217 deceptis
545 2165 646 2204 seu
683 2151 1050 2215 decipiendis,
1092 2153 1390 2216 postquam
1433 2152 1670 2215 pretatis
1713 2152 1947 2217 regibus
1993 2153 2251 2216 persuasi
2292 2152 2467 2205 licere
2513 2154 2692 2204 eciam

268 2233 433 2300 laycis
467 2236 697 2286 auterre
721 2237 780 2285 et
804 2247 1080 2298 usurpare
1114 2232 1499 2285 ecclesiastica
1537 2234 1685 2286 bona
1726 2233 2082 2298 temporalia,
2123 2233 2261 2285 solis
2294 2234 2693 2287 ecclesiasticis

268 2317 575 2381 mancipata
607 2316 869 2376 dominis,
911 2319 970 2368 et
998 2318 1083 2368 eis
1105 2317 1298 2368 invitis
1334 2318 1690 2368 contrectare
1729 2319 1807 2375 et,
1843 2317 2002 2368 iuxta
2036 2317 2225 2369 divina
2257 2317 2501 2382 eloquia,
2537 2318 2693 2371 velut

272 2412 422 2450 sacra
443 2413 546 2452 seu
571 2401 691 2451 Deo
716 2399 992 2457 dedicata,
1029 2412 1143 2450 non
1176 2412 1312 2450 vero
1347 2413 1382 2450 a
1414 2399 1803 2451 sacerdotibus
1837 2400 2259 2460 contrectanda,
2294 2401 2690 2466 dispensanda,

273 2482 708 2534 administranda
739 2481 799 2533 et
830 2481 1036 2533 debitis
1069 2482 1265 2533 usibus
1300 2479 1649 2546 applicanda,
1687 2496 1794 2533 nec
1823 2480 1968 2548 [per]
2004 2481 2176 2534 talem
2208 2484 2626 2549 possessionem
2660 2498 2696 2535 a

274 2563 640 2627 spiritualium
664 2564 966 2617 vacacione
989 2563 1229 2615 distrahi
1252 2578 1267 2614 ε
1290 2563 1492 2628 quibus
1518 2563 1863 2621 Altissimus,
1892 2565 2143 2616 omnium
2177 2566 2453 2629 prescius,
2481 2586 2507 2607 ··
2536 2566 2700 2617 dedit

274 2648 528 2712 regiones
551 2648 836 2713 gencium,
862 2649 926 2698 ut
948 2645 1174 2699 labores
1206 2645 1548 2711 populorum
1570 2646 1932 2710 possiderent
1953 2644 2013 2698 et
2035 2647 2389 2699 custodirent
2420 2648 2510 2700 ius
2519 2648 2695 2699 tiflca·

273 2728 445 2782 tiones
468 2731 592 2782 eius
614 2730 673 2782 et
694 2729 883 2796 legem
907 2729 1030 2782 eius
1052 2729 1415 2794 requirerent
1432 2729 1506 2794 (2)
1531 2752 1578 2780 υ.
1604 2729 1679 2781 Et
1700 2730 1836 2793 quia
1855 2742 1985 2796 ego,
2011 2729 2292 2783 Iohannes
2315 2730 2691 2795 supradictus,

269 2812 484 2876 scriptis
516 2814 659 2864 meis
699 2813 760 2864 in
795 2812 1035 2864 diversis
1068 2813 1330 2877 passibus
1372 2813 1432 2863 in
1471 2813 1781 2877 premissos
1821 2825 2048 2864 errores
2088 2813 2331 2864 coincidi
2371 2826 2581 2877 eosque
2621 2814 2692 2865 de

270 2894 473 2947 directo
515 2896 835 2961 approbare
874 2897 934 2947 et
965 2895 1276 2947 iustificare
1312 2895 1597 2955 contendi,
1635 2896 1695 2947 et
1732 2896 2037 2960 presertim
2069 2896 2130 2948 in
2166 2910 2236 2948 ea
2266 2897 2448 2961 parte,
2484 2896 2545 2947 in
2581 2908 2693 2960 qua

272 2977 447 3029 scribo
467 2978 527 3029 in
549 2979 662 3030 fine
684 2978 857 3042 primi
881 2976 1108 3029 articuli
1131 2978 1345 3038 fucato,
1369 2977 1679 3042 sophistico
1705 2979 1765 3030 et
1784 2976 1977 3030 tallaci
2000 2979 2281 3043 exquisito
2305 2977 2517 3039 colore,
2544 2979 2695 3043 quod

276 3076 301 3101 ι
321 3058 574 3112 Tollatur
623 3060 694 3111 ab
741 3059 1002 3111 omnibus
1054 3058 1454 3112 ecclesiasticis
1493 3060 1899 3124 cuiuscumque
1937 3061 2118 3112 status
2166 3063 2266 3112 aut
2313 3074 2482 3113 sexus
2528 3073 2695 3113 omne

275 3140 575 3206 temporale
609 3142 940 3202 dominium,
978 3143 1113 3206 quia
1146 3155 1213 3195 eo
1249 3142 1637 3207 impediuntur
1670 3142 1877 3194 divinis
1910 3155 2131 3203 vacare,
2168 3156 2203 3195 a
2235 3156 2345 3207 quo
2380 3143 2694 3203 exonerati,

277 3223 589 3288 expedieius
609 3223 1003 3290 spiritualibus
1026 3225 1381 3277 deservirent
1408 3248 1456 3286 u,
1495 3225 1690 3278 dolose
1723 3240 1836 3277 non
1872 3227 2167 3279 attendere
2200 3240 2292 3280 me
2316 3224 2696 3286 dissimulans,

278 3306 418 3367 quod
441 3307 607 3358 etiam
645 3308 882 3373 regibus
924 3311 983 3360 et
1020 3308 1376 3373 principibus
1413 3309 1472 3359 in
1520 3307 1650 3373 lege
1692 3308 1921 3359 Domini
1953 3307 2328 3372 prohibetur:
2367 3328 2395 3351 «a
2420 3309 2549 3361 Non
2581 3311 2698 3360 tur·

278 3387 390 3438 tum
426 3389 596 3441 iacies
629 3392 731 3442 aut
766 3391 1042 3454 rapinam,
1067 3412 1092 3433 κ
1129 3391 1189 3442 et
1222 3390 1372 3454 quod
1408 3404 1518 3441 non
1554 3393 1688 3442 sunt
1727 3391 1915 3442 flenda
1945 3390 2097 3442 mala
2127 3392 2379 3456 propria,
2419 3392 2592 3443 etiam
2631 3391 2698 3442 ut

279 3467 402 3522 inde
435 3472 659 3523 veniant
689 3473 841 3523 bona
873 3471 1077 3533 aliena,
1104 3485 1210 3524 nec
1232 3485 1346 3523 non
1381 3473 1532 3537 quod
1566 3474 1683 3524 tam
1715 3472 2056 3525 sceleratum
2080 3473 2302 3525 facinus
2341 3474 2696 3525 committere

281 3552 478 3603 nedum
505 3554 720 3605 turtum
755 3567 856 3606 seu
888 3554 1091 3618 rapina
1124 3555 1416 3614 existeret,
1453 3555 1554 3606 sed
1577 3555 1750 3606 etiam
1775 3553 2138 3622 sacrilegium
2173 3568 2345 3621 grave
2368 3556 2428 3606 in
2451 3555 2698 3620 pretato-

281 3643 400 3684 rum
440 3635 814 3700 imperatoris,
855 3636 1012 3702 regis
1053 3637 1112 3688 et
1149 3635 1442 3702 laycorum
1483 3636 1683 3688 salutis
1723 3637 2103 3703 dispendium,
2141 3637 2345 3702 quibus
2379 3638 2552 3690 etiam
2585 3651 2699 3689 non

281 3716 650 3770 remitteretur
699 3721 1016 3784 peccatum,
1064 3719 1174 3770 nisi
1218 3720 1379 3783 prius
1423 3720 1829 3772 restitueretur
1873 3719 2148 3786 ablatum;
2194 3719 2291 3772 ubi
2342 3721 2702 3772 continenter

283 3794 458 3849 iniero
482 3813 496 3850 ε
531 3821 558 3843 «ι
583 3799 656 3853 Et
688 3802 771 3862 tu,
809 3802 1004 3854 sancte
1037 3802 1369 3866 imperator,
1394 3802 1705 3853 secundum
1727 3803 1957 3854 modum
1989 3802 2285 3854 meliorem
2318 3803 2379 3855 et
2410 3802 2700 3854 utiliorem

288 3877 512 3932 salutem
536 3882 802 3935 dominici
825 3882 1041 3949 populi,
1069 3884 1321 3935 dominia
1355 3883 1707 3949 temporalia,
1734 3897 1840 3950 per
1872 3897 1970 3937 eos
2006 3886 2296 3951 occupata,
2323 3887 2478 3938 terre
2510 3885 2609 3937 tue
2629 3885 2702 3951 (3)

291 3961 380 4011 aut
425 3963 738 4018 civitatibus
787 3965 1290 4031 principalioribus
1341 3967 1441 4018 aut
1488 3966 1842 4032 principibus
1888 3967 2005 4019 illis
2050 3968 2419 4020 vicinioribus
2464 3967 2702 4034 dignan-

289 4042 372 4094 ter
411 4047 708 4100 committe.
745 4071 772 4094 »
830 4048 1073 4113 Insuper
1116 4049 1269 4102 idem
1325 4049 1606 4101 contendo
1664 4047 1964 4102 consulere
2020 4052 2079 4101 et
2131 4050 2477 4115 persuadere
2532 4050 2697 4102 effec-

294 4124 520 4190 tualiter,
564 4128 704 4182 licet
745 4143 850 4195 per
894 4129 1008 4182 alia
1059 4131 1249 4192 verba,
1287 4132 1344 4182 in
1386 4131 1643 4183 articulis
1691 4145 1825 4193 xvu,
1879 4145 2033 4198 xvm,
2083 4145 2223 4196 xxn,
2274 4146 2389 4186 xxv
2439 4134 2498 4185 et
2540 4145 2694 4185 xxm.

295 4203 519 4273 Ideoque
572 4212 801 4264 eosdem
856 4211 1150 4278 articulos,
1200 4214 1258 4264 in
1324 4213 1478 4266 dicta
1536 4226 1665 4266 mea
1717 4214 2002 4279 scriptura
2056 4216 2372 4276 contentos,
2431 4216 2700 4280 tanquam

354 4504 421 4567 (1)
449 4505 480 4555 2
511 4505 650 4559 nm.
675 4506 754 4572 11,
777 4507 829 4559 4.

357 4586 422 4648 (2)
453 4587 662 4642 Psalm.
691 4589 802 4649 GV,
825 4590 907 4651 44,
932 4591 1019 4642 45.

361 4668 426 4733 (3)
455 4668 564 4723 ΗΒ.
586 4671 821 4724 t’retins.
