3526 5522
1068 612 1276 666 ANNO
1313 613 1458 674 1485,
1496 612 1643 673 1486,
1680 613 1809 666 1487
2560 615 2655 667 143

258 778 409 829 torum
456 779 702 829 sanctam
750 776 1043 829 dumtaxat
1099 777 1549 830 universitatem.
1600 777 1732 830 Alia
1781 778 2070 842 postremo
2128 780 2510 845 dogmatizata
2552 792 2658 844 per

256 859 493 913 Bohemos
514 860 769 926 repperit
790 861 1054 926 scriptor,
1076 861 1149 912 ad
1172 874 1315 925 quos
1338 860 1672 927 praebuisse
1696 874 1828 912 suas
1854 873 2022 913 aures
2057 862 2127 913 de
2150 863 2464 928 coniuratis
2488 860 2655 915 intel-

258 942 403 995 lexit:
441 942 616 995 nullas
655 942 925 994 videlicet
958 942 1412 1008 temporalitates
1452 942 1870 995 ecclesiasticos
1906 943 2118 996 habere
2151 944 2245 997 vel
2277 946 2656 1010 praetendere

260 1025 445 1088 debere,
482 1026 577 1090 qui
614 1025 829 1076 nudum
876 1024 1164 1078 Christum
1188 1027 1287 1077 aut
1317 1025 1442 1090 ejus
1478 1024 1767 1091 apostolos
1802 1024 2018 1076 imitari
2051 1026 2488 1091 contenderint3
2526 1041 2652 1079 esse

260 1120 434 1159 sacram
454 1108 903 1160 communionem
942 1108 1200 1173 corporis
1240 1109 1299 1159 et
1337 1106 1633 1174 sanguinis
1666 1106 1883 1160 Christi
1905 1109 2008 1159 sub
2034 1109 2232 1161 eadem
2266 1109 2457 1173 specie
2492 1109 2656 1174 panis

261 1190 417 1240 etvini
449 1189 708 1242 fidelibus
745 1190 1204 1254 ministrandamt,
1246 1190 1385 1242 item
1418 1190 1653 1255 peccata
1695 1188 1963 1241 mortalia
2001 1190 2231 1256 publica
2270 1194 2369 1243 aut
2410 1192 2650 1256 privata,

262 1285 436 1323 necnon
459 1273 916 1326 deordinationes
950 1271 1068 1338 legi
1091 1272 1199 1324 Dei
1222 1273 1556 1334 contrarias,
1598 1285 1772 1336 super
1805 1286 2030 1324 omnem
2053 1273 2439 1338 cujuscunque
2474 1275 2655 1325 status

261 1354 529 1413 christiani.
545 1357 718 1421 prout
737 1356 1098 1422 contingunt,
1131 1369 1256 1407 esse
1280 1355 1627 1406 cohibendas
1652 1356 1751 1406 aut
1775 1356 2144 1421 corrigendas
2165 1377 2179 1418 ς
2205 1354 2388 1408 libere
2423 1356 2655 1420 insuper

260 1436 475 1501 exemplo
493 1437 704 1489 Christi
726 1440 787 1490 et
809 1437 1198 1502 apostolorum
1222 1438 1457 1489 verbum
1484 1437 1590 1488 Dei
1621 1437 1746 1488 sine
1770 1437 2177 1502 impedimento
2197 1451 2232 1490 a
2264 1438 2653 1490 sacerdotibus

259 1520 647 1583 praedicandum
666 1523 726 1573 et
743 1520 1213 1572 annuntiandum.

303 1603 375 1653 Ad
403 1602 557 1655 istius
580 1602 810 1655 articuli
831 1603 1253 1668 conspiratores
1278 1601 1581 1654 Flandriae
1604 1604 1807 1654 contra
1831 1604 2032 1653 ducem
2072 1602 2521 1654 illustrissimum
2544 1601 2657 1653 Au-

257 1683 394 1737 striae
413 1687 469 1737 et
487 1684 666 1737 fllium
691 1687 816 1751 ejus
834 1684 1181 1751 Philippum,
1209 1685 1574 1751 Burgundiae
1605 1686 1829 1751 ducem,
1856 1684 2159 1737 Flandriae
2192 1686 2478 1743 comitem,
2501 1687 2656 1738 teno-

255 1778 349 1817 rem
361 1769 819 1832 prosequendum,
832 1769 1218 1819 subornarunt
1228 1768 1502 1832 quosdam
1516 1770 1719 1820 contra
1735 1767 2033 1820 veritatem
2042 1767 2483 1833 praedicandum
2498 1768 2625 1820 fore
2640 1783 2653 1814 ι

257 1850 374 1911 quod
399 1850 566 1902 michi
597 1850 865 1915 scriptori
898 1850 1230 1903 dictamenti
1264 1849 1433 1916 hujus
1468 1850 1938 1902 absurdissimum
1971 1851 2155 1902 visum
2177 1852 2284 1909 est,
2307 1850 2416 1901 nisi
2439 1848 2658 1903 malitia

255 1943 416 1983 eorum
438 1933 504 1984 ad
524 1933 697 1985 totius
723 1933 1025 1985 Flandriae
1049 1932 1498 1993 subversionem,
1518 1934 1690 1998 prout
1711 1945 1807 1984 res
1831 1933 2097 1992 innotuit,
2115 1947 2149 1985 a
2164 1933 2410 1998 posteris
2430 1933 2656 1986 tandem

262 2013 642 2068 detenderetur.

745 2096 1061 2166 Chronique
1095 2096 1365 2151 d’Adrien
1403 2097 1473 2151 de
1495 2099 1612 2150 But
1634 2094 1891 2165 (vervolg
1925 2112 1996 2163 op
2019 2098 2056 2150 J
2059 2113 2131 2151 an
2154 2098 2466 2151 Brandon's
2493 2096 2659 2151 Chro-

798 2179 1153 2246 nodromon),
1178 2180 1524 2248 uitgegeven
1544 2181 1687 2232 door
1709 2180 1944 2246 Kervyn
1966 2181 2028 2232 in
2052 2179 2387 2249 Chroniques
2401 2179 2660 2234 relatives

794 2268 832 2315 ὰ
865 2261 1129 2317 Phaedre
1151 2262 1221 2316 de
1257 2261 1318 2317 la
1356 2262 1623 2331 Belqiquc
1642 2276 1775 2316 sous
1813 2262 1873 2315 la
1911 2263 2264 2317 deminution
2291 2263 2385 2317 des
2419 2262 2555 2316 dues
2586 2261 2657 2315 de

797 2346 1384 2414 Bouryoyne('1'extes
1407 2345 1621 2410 latins),
1648 2345 1776 2398 deel
1800 2346 1849 2413 1,
1876 2345 1987 2399 blz.
2009 2345 2250 2398 636-638.

1200 2570 1361 2637 107
1413 2564 1678 2652 (376²0r).

342 2774 533 2846 1486,
563 2767 718 2834 Juli
747 2775 816 2841 4,
863 2767 1167 2835 Venetici.
1190 2770 1673 2850 Aanteekening
1697 2772 1795 2833 uit
1823 2772 1900 2832 de
1926 2772 2226 2850 registers
2251 2771 2366 2833 der
2389 2770 2656 2832 Predik-

257 2865 609 2933 heerenorde
640 2885 796 2933 over
827 2869 906 2931 de
938 2869 1323 2948 aanstelling
1355 2887 1482 2932 van
1514 2872 1788 2932 meester
1836 2873 1876 2932 J
1879 2870 2165 2933 ohannes
2214 2870 2509 2932 Vassoris
2558 2871 2659 2932 tot

255 2967 779 3048 viceris-generaal
813 2969 927 3032 der
959 2968 1114 3032 orde
1148 2969 1216 3031 in
1249 2968 1540 3032 Picardie
1573 2986 1653 3031 en
1686 2971 1788 3032 tot
1836 2968 2231 3048 pauselijken
2281 2969 2658 3048 inquisiteur

257 3065 310 3126 in
337 3066 406 3128 de
436 3068 820 3131 bisdommen
846 3068 1239 3148 Terenburg,
1272 3068 1586 3144 Doornik‚
1620 3068 1954 3147 Kamerijk
1979 3086 2059 3132 en
2092 3068 2383 3130 Atrecht.

305 3214 557 3284 Magister
584 3219 837 3273 Joannes
869 3219 1102 3272 Vasoris
1138 3220 1204 3271 flt
1241 3219 1484 3271 vicarius
1525 3218 1813 3285 generalis
1855 3219 1913 3269 in
1956 3219 2185 3270 natione
2226 3217 2565 3270 Picardie...
2602 3217 2662 3268 et

257 3295 534 3352 instituitur
581 3302 885 3368 inquisitor
939 3302 1000 3355 in
1058 3302 1381 3354 civitatibus
1441 3303 1500 3354 et
1544 3301 1864 3354 diocesibus
1909 3300 2244 3364 Morinensi,
2294 3300 2661 3359 Tornacensi,

259 3378 607 3437 cameracensi
630 3387 688 3438 et
710 3385 1092 3439 Atrebatensi.

734 3505 970 3558 Archiet
991 3506 1096 3558 der
1110 3505 1686 3558 Predikheerenorde
1722 3504 1779 3557 te
1801 3504 2004 3565 Rome,
2030 3502 2288 3571 Royistra
2305 3501 2660 3573 ymeralium

798 3586 1020 3640 ordinis
1052 3586 1538 3650 Praedicator-um,
1564 3586 1661 3648 1v,
1695 3587 1747 3648 7,
1783 3587 1883 3638 tol.
1911 3587 1976 3638 20
2009 3600 2201 3650 verso;
2237 3585 2546 3652 asgedrukt
2576 3585 2653 3648 bij

801 3671 857 3724 J.
885 3672 1138 3732 Hansen,
1166 3671 1393 3732 Quelkn
1413 3671 1534 3724 und
1561 3668 2058 3738 Umersuchunyen
2080 3683 2191 3721 zur
2215 3666 2533 3722 Geschichte
2566 3666 2664 3718 des

803 3752 1200 3807 Heoeenwahns
1253 3752 1375 3806 und
1430 3753 1531 3807 der
1585 3751 2117 3821 Heoeenverfolqunq
2170 3753 2253 3804 im
2312 3748 2657 3810 Mittelalter,

806 3836 913 3889 blz.
938 3837 1057 3888 501.

1223 4057 1385 4124 108
1438 4050 1656 4139 (376⁴).

352 4255 535 4331 1487,
559 4252 886 4321 Januari
916 4262 1028 4333 14,
1069 4257 1381 4342 Bruyqe.
1414 4256 1846 4337 Gelijktijdige
1871 4255 2338 4335 aanteekening
2361 4270 2515 4319 over
2539 4256 2662 4318 den

269 4346 597 4428 inquisiteur
618 4351 907 4421 Adriaan
938 4356 1019 4420 de
1041 4357 1157 4420 Mil
1183 4358 1428 4421 aldaar.

323 4501 459 4567 Item,
485 4522 556 4575 up
569 4510 679 4563 den
705 4509 852 4560 l4d⁸¹¹
876 4509 1019 4562 dach
1052 4509 1110 4563 in
1146 4510 1489 4571 Laumaend,
1515 4524 1662 4562 anno
1680 4510 1765 4572 87,
1792 4510 1899 4560 doe
1934 4520 2105 4572 quam
2138 4509 2386 4561 meester
2418 4508 2667 4562 Adriaen

275 4582 334 4634 (le
351 4584 449 4649 Mn,
469 4591 706 4646 broeder
726 4606 837 4646 van
861 4593 969 4646 den
995 4584 1325 4647 hoordene'n
1348 4608 1454 4646 van
1479 4595 1550 4646 de
1574 4594 1942 4653 Predicaren,
1967 4592 2216 4644 meester
2237 4592 2297 4643 in
2323 4592 2427 4644 der
2449 4591 2662 4657 godde-

277 4661 462 4726 lichene
490 4676 630 4729 ende
661 4676 1127 4730 honderzoucker
1159 4690 1267 4729 van
1300 4678 1410 4730 den
1443 4677 1676 4730 kersten
1716 4674 1977 4743 ghelove,
2013 4673 2109 4726 die
2142 4686 2332 4738 quam,
2357 4675 2454 4727 ten
2478 4671 2660 4739 daghe
