3526 5522
840 572 869 621 4
1606 572 1811 625 ANNO
1851 572 1993 631 1321.
2034 571 2329 636 1321-1322,
2370 571 2495 621 1322

833 749 903 798 ny
946 732 1266 792 1116166ιὸ68,
1307 734 1406 800 luy
1444 736 1819 802 enjoingnant
1856 737 2039 794 meme
2081 736 2152 788 de
2190 735 2361 800 punir
2400 749 2504 800 par
2542 748 2781 787 censure
2826 734 3234 799 ecclesiastique

829 821 889 870 et
921 831 1051 868 sans
1086 817 1251 882 appel
1287 831 1431 875 ceux
1466 819 1564 882 qui
1598 817 1682 870 les
1716 832 1753 884 y
1791 817 2221 870 troubleroient.
2246 845 2310 855 —
2334 818 2570 871 Donnee
2593 817 2628 869 11
2656 818 2916 884 Avignon
2951 817 3007 870 le
3039 817 3100 867 31
3133 818 3238 882 jan-

834 900 955 950 vier
980 900 1124 949 1321.

1346 1031 1583 1083 Archiet
1616 1046 1717 1082 van
1757 1031 1856 1083 het
1890 1032 2545 1096 Noorderdepartement
2578 1032 2635 1082 te
2668 1030 2871 1094 Rijsel,
2899 1029 3010 1082 HS.
3048 1038 3112 1080 11¹·
3140 1025 3241 1085 230.

1414 1114 1731 1166 Ιηυενιεαίνε
1767 1114 1860 1166 des
1894 1118 2048 1168 mres
2083 1123 2134 1167 et
2159 1115 2392 1181 papiers
2425 1112 2504 1166 du
2538 1112 2843 1182 bequinaqe
2875 1111 2945 1165 de
2977 1114 3053 1163 Su
3078 1100 3243 1164 Elisa·

1414 1194 1536 1249 beth
1581 1201 1617 1248 ὰ
1670 1194 2062 1250 Valenciennes
2107 1194 2244 1264 (18·1·
2285 1195 2485 1263 eeuw),
2532 1194 2633 1246 fol.
2682 1193 2858 1246 58-59.
2894 1222 2961 1233 —
2992 1195 3088 1247 Dit
3125 1193 3244 1245 stuk

1411 1292 1482 1330 en
1517 1278 1587 1330 de
1622 1278 1751 1330 hier
1788 1269 2068 1344 volgende
2103 1287 2183 1330 n¹·⁸
2216 1278 2248 1328 7
2283 1291 2352 1330 611
2387 1276 2419 1326 9
2454 1278 2564 1343 zijn
2603 1278 2724 1329 niet
2761 1290 2919 1329 meet·
2956 1278 3014 1329 te
3053 1276 3243 1327 vinden

1411 1361 1471 1411 in
1496 1360 1595 1412 het
1617 1361 1821 1412 karton
1845 1360 2181 1413 bevattende
2216 1373 2344 1412 zeer
2376 1359 2500 1412 veel
2537 1360 2747 1412 andere
2771 1356 3244 1424 oorspronkelijke

1416 1443 1690 1502 charterz,
1751 1456 1872 1494 enz.
1930 1457 2038 1494 van
2084 1444 2181 1495 dat
2225 1442 2551 1509 Begijnhot.
2597 1469 2665 1481 —
2706 1442 2764 1494 Is
2812 1443 2882 1494 de
2928 1453 3241 1507 opgegeven

1418 1529 1608 1579 datum
1632 1540 1740 1578 van
1766 1528 1900 1579 deze
1922 1527 2020 1578 bul
2044 1525 2150 1579 wel
2173 1527 2347 1591 inisti
2373 1525 2575 1578 Elders
2598 1526 2823 1578 hebben
2845 1525 2936 1590 νῦ
2960 1522 3240 1576 tweemaal

1419 1610 1527 1661 den
1568 1609 1722 1661 tekst
1759 1610 1927 1662 dezer
1965 1608 2061 1660 bul
2104 1609 2282 1661 onder
2322 1608 2745 1675 dagteekening
2784 1621 2890 1659 van
2922 1607 2989 1658 30
3023 1608 3247 1659 Decem·

1414 1693 1518 1743 ber
1561 1692 1685 1743 1320
1725 1692 2131 1759 nangetroffen.
2169 1691 2287 1756 (Zie
2326 1689 2533 1757 Corpus
2571 1690 2608 1751 1,
2653 1699 2712 1741 nr
2747 1690 2861 1754 175,
2898 1689 3004 1742 blz.
3043 1688 3152 1747 170,
3185 1700 3246 1739 en

1419 1783 1479 1825 nr
1506 1773 1615 1830 178,
1644 1774 1751 1828 blz.
1782 1773 1921 1842 173.)
2251 1807 2273 1836 ,

1865 2007 1918 2072 6
1971 2003 2232 2087 (175001').

929 2224 1026 2307 (c.
1078 2229 1490 2289 1321-1322
1517 2221 1602 2305 ἕ),
1660 2223 1980 2306 Ieperen.
2020 2226 2153 2285 Een
2202 2224 2580 2304 inquisiteur
2610 2222 2691 2305 (2)
2743 2224 3053 2304 gemengd
3086 2223 3152 2285 in
3180 2221 3245 2286 de

833 2325 1113 2402 betaling
1138 2340 1324 2386 eener
1350 2323 1657 2402 rekening
1688 2341 1815 2385 van
1844 2323 1895 2385 ’s
1922 2339 2162 2402 graven
2185 2322 2624 2385 heelmeester.

894 2497 1131 2548 Mestres
1173 2495 1388 2548 Jehans
1429 2495 1729 2564 Masegard
1771 2495 1962 2560 dere
2003 2496 2152 2548 servi
2193 2495 2601 2561 Monseigneur
2644 2496 2715 2547 de
2757 2494 3050 2547 Flandres
3089 2495 3145 2546 et
3178 2493 3247 2558 lui

835 2593 976 2631 eura.
1006 2580 1061 2633 16
1097 2579 1210 2632 mal
1247 2579 1316 2631 de
1351 2592 1413 2631 se
1445 2578 1648 2644 gambe
1674 2579 1709 2630 ὁ,
1729 2578 1886 2643 Ypre
1907 2579 1967 2643 iij
1995 2579 2274 2632 semaines
2297 2580 2358 2631 et
2378 2578 2526 2644 plus,
2552 2580 2613 2631 et
2633 2576 2801 2637 lesse,
2834 2591 2979 2643 pour
3003 2576 3255 2629 l’oooison

832 2663 904 2715 de
947 2662 1093 2727 celui
1143 2675 1296 2722 cure,
1339 2664 1526 2715 tontes
1567 2664 1757 2716 autres
1798 2674 1963 2714 cures
2003 2662 2038 2712 ὲ,
2076 2662 2508 2726 entreprendre,
2551 2661 2613 2713 et
2654 2660 3063 2713 refroidierent
3098 2658 3253 2711 celles

832 2743 916 2796 kil
957 2746 1119 2803 avon,
1158 2745 1337 2798 adone
1375 2744 1598 2810 lequele
1639 2745 1814 2797 chose
1848 2743 1929 2809 luj
1972 2743 2271 2810 dommaga
2312 2744 2695 2811 grossement3
2732 2744 2791 2795 et
2823 2743 2858 2794 ὲ,
2889 2741 3099 2795 ledicte
3130 2752 3251 2793 cure

836 2828 1254 2894 Monseigneur,
1283 2827 1331 2878 si
1355 2841 1571 2879 comme
1594 2827 1635 2879 il
1661 2828 1780 2888 dut,
1806 2827 1847 2879 fl
1872 2840 2052 2893 songa
2074 2828 2134 2879 et
2164 2826 2338 2881 veilla,
2358 2828 2417 2880 et
2436 2827 2568 2893 J'om·
2591 2827 2650 2878 et
2672 2826 2798 2877 nuit
2819 2824 3254 2879 ententieument

835 2910 931 2962 eti
947 2911 1081 2960 mist
1098 2911 1221 2962 tout
1239 2924 1341 2962 son
1365 2911 1509 2968 tans,
1530 2912 1590 2962 et
1610 2910 1717 2964 che
1739 2911 2000 2962 eonnoist
2021 2910 2154 2962 bien
2179 2910 2373 2969 Guios,
2395 2909 2438 2961 li
2460 2908 2811 2962 cambrelens
2835 2909 3248 2975 Monseigneur3

836 2994 896 3044 et
927 2993 989 3043 tu
1023 2991 1066 3042 li
1100 2992 1216 3043 dite
1250 3006 1384 3044 eure
1406 2992 1546 3045 faite
1582 2995 1617 3046 n
1647 2992 1703 3045 le
1734 2993 1940 3059 gambe
1965 2992 2373 3059 Monseigneur
2406 2994 2464 3048 et
2498 2993 2636 3043 dont
2669 2990 2711 3042 il
2748 2992 2889 3044 wari
2921 3004 3029 3056 pm·
3051 2989 3252 3054 rajuwe

837 3076 907 3126 de
942 3074 1051 3126 Diu
1086 3075 1210 3125 tout
1242 3076 1573 3134 nettement,
1610 3075 1749 3126 dont
1782 3074 1823 3126 li
1859 3075 1946 3125 dis
1981 3076 2221 3127 mestres
2253 3074 2471 3127 Jehans
2506 3075 2653 3127 tient
2687 3075 2820 3126 bien
2853 3086 2998 3139 pour
3032 3072 3171 3129 voir,
3204 3068 3253 3120 et

836 3154 960 3204 tout
995 3167 1103 3204 veu
1143 3155 1201 3204 et
1237 3154 1531 3205 considere
1572 3153 1653 3204 kil
1694 3167 1729 3205 a
1766 3153 1899 3204 bien
1941 3153 2163 3205 deservi
2194 3154 2272 3218 xij
2310 3152 2482 3205 livres
2524 3153 2593 3205 de
2626 3153 2832 3218 parisis
2865 3152 2925 3203 et
2954 3149 3112 3216 plus;
3152 3159 3250 3200 non

834 3235 1154 3300 pourquant
1196 3233 1237 3284 il
1283 3232 1337 3286 16
1376 3233 1524 3286 lesse
1565 3234 1676 3285 dou
1711 3235 1837 3285 tout
1876 3234 1911 3297 ὲ
1948 3232 2003 3285 16
2042 3233 2268 3285 volente
2310 3233 2715 3299 Monseigneur
2759 3232 2830 3284 de
2871 3230 3162 3283 Flandres.
3201 3226 3252 3279 Si

835 3331 972 3368 vous
1009 3317 1154 3381 prie,
1189 3317 1457 3383 seigneur
1491 3317 1848 3381 inquisitemn
1887 3316 1961 3367 ke
2001 3330 2140 3368 vous
2180 3314 2292 3368 l’en
2331 3316 2568 3369 voellies
2609 3316 2813 3375 aviser,
2853 3315 2976 3366 ensi
3020 3315 3093 3365 ke
3130 3323 3252 3363 vous

834 3401 1014 3451 saveia
1039 3399 1111 3450 ke
1135 3399 1287 3451 droia
1313 3400 1370 3451 et
1391 3399 1612 3451 raisons
1639 3398 2004 3465 enseignent.

1353 3530 1589 3582 Archiet
1642 3543 1749 3581 van
1794 3528 1894 3582 het
1937 3529 2593 3594 Noorderdepartement
2635 3531 2695 3582 te
2741 3526 2944 3593 Rijsel,
2994 3528 3064 3581 B.
3109 3524 3249 3589 32303

1419 3612 1637 3679 slordig
1671 3611 1980 3678 asgedrukt
2010 3613 2087 3677 bij
2123 3612 2179 3664 J.
2206 3610 2398 3679 Finot,
2420 3612 2757 3675 Inventam,
2783 3611 2908 3664 deel
2931 3612 3062 3672 VH.
3083 3611 3185 3664 blz.
3206 3608 3250 3659 3.

1416 3723 1483 3734 -
1506 3696 1589 3748 De
1613 3694 1743 3749 hier
1767 3694 2043 3751 bedoelde
2065 3696 2231 3762 grant
2249 3698 2404 3749 moet
2427 3696 2536 3760 z‘kiss
2557 3694 2852 3749 Robreeht
2873 3708 2979 3747 vnn
3005 3693 3251 3757 Bethune

1414 3778 1475 3846 (†
1499 3779 1555 3830 te
1579 3778 1821 3843 Ieperen
1848 3776 2014 3845 1322).
2057 3777 2332 3831 Wellicht
2364 3777 2522 3831 heeft
2555 3778 2684 3831 hier
2717 3777 2816 3829 het
2848 3777 3045 3829 woord
3078 3774 3247 3843 inqui-

1413 3864 1589 3915 sitam·
1620 3861 1939 3927 eenvoudig
1974 3862 2045 3914 de
2075 3861 2409 3915 beteekenis
2441 3876 2549 3915 van
2579 3859 2965 3915 onderzoeker
2987 3860 3052 3912 ot
3081 3858 3244 3924 opzie-

1415 3957 1519 3999 ner
1543 3945 1645 3998 der
1668 3945 1970 4012 uitgavent

1863 4161 1916 4231 ’7
1968 4151 2232 4247 (176¹0ss).

941 4387 1151 4460 1322,
1183 4381 1543 4470 Auqustus
1570 4386 1638 4461 5,
1674 4378 2037 4465 Valenczjn
2063 4398 2152 4446 en
2176 4374 2572 4462 Kamem'y’k.
2606 4374 3088 4458 Aanteekening
3110 4390 3250 4442 over

835 4484 913 4548 de
963 4483 1240 4547 stukken
1305 4501 1428 4546 van
1485 4484 1595 4544 het
1652 4481 2009 4546 onderzoek
2067 4497 2228 4544 naar
2300 4480 2378 4542 de
2449 4477 3070 4557 rechtgeloovigheid
3150 4477 3251 4539 der

836 4584 1137 4664 Begijnen
1170 4600 1295 4648 van
1327 4582 1654 4663 Valencijn
1684 4581 2018 4661 ingesteld.
2059 4616 2140 4628 —
2181 4584 2271 4643 De
2294 4579 2589 4657 bisschop
2622 4594 2749 4643 van
2779 4576 3113 4657 Kamerijk
3134 4573 3250 4638 had
