3526 5522
721 548 780 597 18
1756 539 1961 593 ANNO
2002 540 2128 591 1349

711 720 822 783 dat
869 718 958 796 hij
1011 717 1145 779 niet
1193 714 1504 794 twijtelde
1554 712 1624 777 of
1671 714 1869 788 allen,
1928 714 2030 775 die
2077 712 2158 775 de
2203 712 2671 791 boetedoening
2716 711 3158 784 volbrachten,

707 818 954 882 zouden
1003 815 1174 893 zalig
1205 813 1364 892 zijn;
1408 830 1487 874 en
1522 812 1634 874 dat
1665 812 1794 874 wie
1827 811 1938 873 het
1984 811 2316 889 tegendeel
2351 810 2708 886 beweerde,
2749 811 2813 873 al
2848 826 3026 873 ware
3061 811 3168 873 het

706 917 832 995 zijn
867 917 1052 994 eigen
1084 912 1305 986 vader,
1346 910 1686 973 verdiende
1716 910 2038 972 verbrand
2069 913 2135 971 te
2168 909 2459 985 worden,
2500 913 2633 971 met
2666 908 2954 970 meerder
2989 909 3170 971 recht

707 1015 834 1077 dan
867 1012 945 1075 de
976 1014 1014 1074 J
1019 1011 1209 1086 oden,
1242 1010 1343 1072 die
1375 1010 1582 1072 alleen
1621 1009 1731 1070 het
1765 1007 2044 1071 lichaam
2078 1007 2383 1083 schaden‚
2427 1007 2666 1086 terwijl
2697 1024 2861 1086 gene
2892 1023 3017 1069 aan
3052 1005 3168 1070 ziel

710 1129 793 1175 en
828 1111 1106 1174 lichaam
1138 1108 1376 1173 kwaad
1411 1106 1852 1170 berokkenen.

1039 1263 1139 1317 Isti
1168 1271 1297 1316 eunt
1328 1260 1569 1323 articuli,
1606 1276 1743 1331 quos
1765 1260 2080 1329 predicavit
2110 1275 2261 1313 unus
2291 1259 2474 1327 frater
2506 1260 2577 1314 de
2615 1261 2842 1325 Leontio,

1571 1341 1850 1397 remachi
1881 1358 2073 1396 coram
2104 1341 2336 1411 populo.
2603 1346 2607 1349 ⁴

778 1462 994 1522 Primo,
1036 1473 1099 1511 se
1137 1459 1507 1511 verberantes
1549 1456 1885 1509 nominabat
1928 1455 2129 1509 milites
2164 1456 2524 1516 rubicundos,
2569 1457 2628 1508 et
2674 1456 2901 1508 dicebat
2940 1457 2999 1507 et
3043 1468 3168 1521 pre·

712 1545 937 1597 dicabat
978 1556 992 1592 :
1037 1540 1098 1593 Si
1143 1540 1379 1607 sanguis
1419 1540 1662 1591 istorum
1705 1540 1894 1604 justus
1936 1540 2026 1591 est
2065 1538 2333 1604 militum,
2373 1540 2437 1592 et
2476 1541 2671 1590 unitus
2717 1552 2846 1589 cum
2893 1537 3169 1603 sanguine

714 1625 954 1687 Christit,
1002 1625 1062 1675 et
1106 1623 1155 1674 si
1195 1621 1427 1688 sanguis
1467 1620 1680 1673 Christi
1724 1625 1812 1674 est
1851 1623 1911 1672 in
1955 1622 2270 1688 paradisi0‚
2317 1622 2378 1674 et
2420 1622 2656 1686 sanguis
2702 1622 2971 1684 istorum3
3020 1623 3083 1671 et
3126 1618 3173 1669 si

713 1708 948 1775 sanguis
992 1706 1235 1757 istorum
1273 1705 1334 1755 in
1375 1704 1623 1762 interno,
1673 1704 1734 1755 et
1782 1703 2017 1770 sanguis
2063 1703 2308 1769 Christi3
2355 1706 2414 1756 et
2452 1705 2503 1756 si
2551 1705 2889 1768 dampnatus
2935 1704 3028 1754 est
3069 1701 3176 1752 iste

715 1790 971 1856 sanguis,
1002 1790 1062 1839 et
1086 1786 1254 1838 alter.

781 1871 945 1931 Item,
981 1856 1301 1935 predicavit
1333 1869 1393 1920 et
1427 1868 1570 1919 dixit
1605 1868 1757 1920 idem
1791 1868 2138 1934 predicator,
2165 1869 2336 1933 quod,
2362 1869 2493 1934 post
2524 1868 2861 1920 effusionem
2884 1864 3178 1932 sanguinis

717 1953 929 2006 Christi
951 1953 1160 2003 iactam
1186 1951 1278 2002 die
1303 1950 1544 2002 Veneris
1563 1952 1778 2010 sancta,
1806 1964 1920 2001 non
1943 1950 2197 2002 mittam
2219 1951 2514 2016 preciosus
2538 1950 2752 2002 effusus
2773 1949 2922 2001 sicut
2942 1946 3177 2014 sanguis

719 2037 961 2087 istorum
986 2032 1255 2083 militum.

780 2117 945 2179 Item,
982 2114 1134 2179 quod
1169 2113 1241 2164 ad
1274 2113 1671 2178 penitentiam,
1702 2126 1875 2177 quam
1909 2112 2199 2165 faciebant
2232 2114 2372 2165 dicti
2401 2114 2492 2165 sui
2524 2113 2758 2171 milites,
2784 2112 3177 2165 assumendam

716 2203 776 2253 et
813 2199 1220 2265 peragendam,
1264 2198 1575 2249 auctoritas
1614 2209 1761 2262 pape
1799 2211 1913 2248 non
1956 2199 2082 2248 erat
2115 2196 2490 2262 requirenda3
2526 2197 2636 2250 hec
2671 2199 2797 2249 erat
2832 2195 3178 2259 requirenda

717 2281 874 2334 bulla
919 2281 1094 2346 ipsius
1134 2293 1299 2345 pape,
1348 2281 1396 2330 si
1443 2280 1597 2330 dicta
1641 2280 1955 2330 auctoritas
1999 2279 2352 2343 requirenda
2394 2282 2549 2332 esset
2588 2280 2659 2331 ad
2704 2277 3000 2344 implenda
3054 2278 3176 2328 sine

719 2363 879 2417 bulla
901 2376 1066 2428 pape,
1093 2363 1159 2413 ut
1180 2365 1320 2427 puta
1344 2360 1413 2412 de
1439 2360 1658 2413 honore
1681 2362 1985 2426 parentum
2012 2362 2072 2413 et
2096 2360 2166 2414 de
2191 2364 2572 2413 sacramento,

785 2445 950 2504 Item,
992 2444 1327 2510 predicavit,
1371 2442 1522 2506 quod
1561 2441 1670 2505 illi,
1712 2443 1811 2506 qui
1854 2443 2052 2494 dicunt
2092 2443 2274 2495 dictos
2315 2457 2450 2495 suos
2489 2443 2704 2496 milites
2749 2456 2863 2494 non
2901 2455 2964 2493 se
3011 2453 3176 2506 posse

721 2527 1021 2594 colligare,
1051 2529 1113 2578 ut
1136 2526 1374 2589 iaciunt,
1402 2525 1661 2577 nesciunt
1685 2526 1825 2589 quid
1849 2524 2048 2576 dicunt
2070 2539 2176 2577 nec
2196 2526 2329 2590 iura
2349 2524 2703 2591 intelligunt.

786 2609 952 2674 Item,
993 2608 1327 2674 predicavit,
1372 2608 1523 2671 quod
1562 2607 1687 2672 ipse
1735 2621 1849 2658 non
1898 2606 2211 2667 dubitabat,
2261 2608 2398 2672 quin
2445 2621 2643 2659 omnes
2681 2607 2959 2659 facientes
3006 2604 3175 2657 talem

720 2691 1122 2758 penitenciam,
1151 2703 1321 2754 quam
1343 2689 1633 2741 faciebant
1654 2690 1767 2754 ipsi
1791 2690 1881 2740 sui
1904 2688 2141 2748 milites,
2167 2692 2361 2741 essent
2383 2690 2605 2741 salvati.

787 2776 952 2832 Item,
996 2774 1315 2839 proposuit,
1354 2774 1507 2837 quod
1540 2772 1590 2823 si
1625 2773 1753 2835 quis
1788 2772 1985 2835 tuerit,
2023 2772 2121 2836 qui
2162 2772 2316 2823 dicat
2353 2773 2707 2824 contrarium
2747 2772 3177 2837 premissorum,

722 2858 930 2922 dignus
973 2859 1062 2907 est
1101 2857 1164 2907 ut
1198 2855 1584 2911 comburatur,
1629 2855 1688 2904 et
1726 2854 1911 2918 magis
1954 2853 2164 2905 debent
2203 2854 2461 2906 comburi
2505 2869 2675 2919 quam
2714 2854 2926 2906 Iudeus
2968 2865 3181 2905 nocens

721 2939 1058 3002 corporibus
1082 2940 1321 2994 tantum,
1347 2935 1447 2988 ille
1471 2949 1606 2987 vero
1633 2937 1730 2999 qui
1768 2935 1925 2998 dicit,
1952 2948 2193 3001 gravum
2209 2938 2272 3000 (t)
2307 2937 2644 3001 corporibus
2679 2939 2740 2989 et
2774 2936 3100 2999 animabus3
3125 2935 3181 2986 et

724 3022 772 3072 si
796 3022 961 3086 pater
984 3020 1163 3084 ipsius
1187 3019 1562 3084 predicatoris
1598 3018 1817 3070 diceret
1852 3019 2205 3069 contrarium
2227 3019 2661 3084 premissorum,
2684 3019 2833 3071 bene
2855 3018 3179 3071 mitteretur

722 3105 781 3154 in
806 3098 1021 3168 ignem,
1048 3104 1113 3153 ut
1136 3100 1593 3153 combureretur.

760 3172 954 3240 'Item,
996 3181 1330 3246 predicavit,
1378 3181 1529 3245 quod
1574 3180 1702 3232 falsi
1747 3180 2142 3246 predicatores
2183 3179 2518 3234 celaverunt
2559 3181 2727 3233 istam
2773 3180 3173 3246 penitenciam,

723 3278 892 3327 quam
947 3264 1165 3315 iaciunt
1221 3262 1359 3313 dicti
1416 3262 1506 3314 sui
1564 3260 1801 3325 milites,
1858 3264 2098 3328 propter
2153 3262 2336 3328 ipsius
2390 3262 2752 3328 penitenciae
2799 3260 3174 3319 dulcedinem,

723 3344 997 3412 populum
1021 3346 1080 3396 in
1106 3345 1214 3395 hoc
1238 3344 1593 3410 decipiendo.

792 3427 955 3485 Item,
987 3427 1152 3490 dixit,
1178 3426 1330 3490 quod
1352 3427 1403 3477 si
1425 3425 1633 3491 aliquis
1667 3426 1995 3491 predicator
2027 3425 2287 3492 predicat
2309 3427 2511 3478 contra
2536 3425 2730 3490 aliqua
2750 3426 3178 3492 premissorum,

726 3510 877 3573 quod
918 3506 1162 3573 populus
1209 3509 1540 3574 insurgeret
1585 3510 1643 3560 et
1688 3508 1909 3559 diceret
1951 3507 2275 3572 predicanti
2321 3507 2674 3559 contrarium
2719 3507 3004 3559 dictorum
3056 3518 3178 3572 pre·

726 3592 1049 3647 missorum,
1079 3591 1229 3654 quod
1265 3589 1640 3642 descenderet
1674 3589 1744 3640 de
1779 3588 1905 3641 loco
1930 3590 2030 3641 ubi
2050 3590 2393 3655 predicaret,
2418 3592 2477 3642 et
2501 3590 2653 3653 quod
2676 3590 2801 3654 ipse
2824 3603 2939 3640 non
2964 3588 3179 3641 diceret

726 3674 1046 3732 veritatem,
1094 3672 1500 3737 cujuscumque
1547 3672 1845 3737 dignitatis
1891 3671 1981 3724 vel
2026 3673 2208 3724 status
2263 3672 2417 3723 idem
2473 3673 2775 3738 predicans
2832 3672 3176 3724 contrarium

727 3755 1158 3819 premissorum.

788 3835 955 3894 Item,
1012 3836 1346 3901 predicavit,
1409 3835 1559 3900 quod
1615 3835 1818 3887 beatus
1877 3834 2091 3887 Paulus
2146 3837 2478 3900 portaverat
2532 3837 2801 3902 stigmata
2851 3835 3062 3888 Christi
3116 3834 3172 3884 in

724 3931 986 3983 corpore,
1033 3918 1133 3969 sed
1180 3930 1292 3968 non
1340 3918 1397 3967 in
1445 3917 1815 3976 conscientia,
1863 3919 1923 3968 et
1967 3917 2120 3981 quod
2179 3916 2333 3969 idem
2390 3916 2588 3970 beatus
2644 3916 2859 3969 Paulus
2916 3931 3067 3969 nunc
3117 3916 3175 3966 in

726 4013 934 4065 magna
978 4000 1169 4050 inedia
1204 4002 1371 4056 esset,
1419 4000 1468 4050 si
1516 3999 1753 4061 viveret,
1798 4000 1848 4050 si
1890 3999 2102 4051 multos
2147 4000 2334 4051 socios
2378 3999 2619 4051 haberet
2657 4001 2927 4066 stigmata
2967 3997 3174 4051 Christi

725 4083 1021 4134 ferientes.

1259 4161 1564 4215 Nationale
1598 4161 1967 4214 Bibliotheek
2002 4165 2059 4215 te
2094 4163 2300 4227 Pariis,
2338 4164 2444 4217 Ms.
2481 4165 2555 4215 tr.
2592 4163 2722 4214 2598
2756 4165 2986 4229 (Auden
3016 4160 3178 4234 fonds

1328 4244 1555 4306 colbert,
1593 4244 1708 4297 HS.
1745 4254 1804 4295 nr
1835 4244 2028 4309 8298³)‚
2056 4245 2345 4298 Fransche
2367 4248 2751 4313 voortzetting
2782 4260 2892 4298 van
2915 4247 2987 4299 de
3023 4244 3177 4296 Chro-

1322 4327 1489 4395 m‘que
1523 4326 1620 4378 des
1652 4328 1769 4379 νοῶ
1802 4325 1872 4380 de
1909 4329 2124 4382 stanes
2150 4343 2267 4395 par
2297 4330 2446 4391 frere
2495 4325 2818 4381 Guillaume
2848 4327 2915 4381 de
2947 4326 3178 4394 Names.

1322 4406 1423 4459 tol.
1470 4407 1644 4459 56-57.
1667 4408 2057 4474 —Vergelijk
2097 4409 2207 4461 den
2247 4409 2464 4461 inhoud
2502 4423 2611 4461 van
2651 4411 2738 4462 dit
2775 4422 3039 4463 sermoen
3077 4420 3177 4460 van

1324 4490 1433 4541 den
1468 4489 1797 4543 Luikschen
1831 4490 2198 4556 predikheer,
2225 4493 2344 4544 met
2365 4491 2614 4559 hetgeen
2649 4492 2718 4545 Li
2753 4491 2951 4545 Muisit
2984 4500 3180 4544 erover

1323 4570 1646 4624 mededeelt
1668 4574 1900 4641 (Corpus
1922 4572 1999 4633 II,
2024 4572 2131 4624 blz.
2158 4573 2223 4624 97
2247 4587 2320 4626 en
2346 4572 2482 4640 102).
