3526 5522
780 623 876 674 104
1749 618 1951 673 ANNO
1989 620 2115 670 1460

779 788 840 838 et
862 786 1114 849 econtra,
1141 786 1365 849 quando
1391 785 1461 837 ab
1485 785 1677 850 aliquo
1701 784 1933 837 illorum
1960 784 2223 850 procedit
2243 783 2479 836 alterius
2503 784 2826 848 accusacio;
2850 782 3195 835 fortificantur

780 866 962 919 eciam
995 867 1391 920 accusaciones
1426 868 1485 919 et
1517 867 1696 918 rubor
1729 868 1902 931 atque
1935 867 2048 918 vim
2085 868 2316 918 sumunt
2349 880 2420 918 ex
2455 865 2638 917 altera
2669 866 2835 931 parte
2868 864 3062 931 copule
3089 877 3194 915 cum

785 949 1045 1001 omnibus
1068 949 1295 1000 indiciis
1319 950 1505 1014 quoad
1527 950 1715 1001 vestes
1739 951 1802 1001 et
1834 962 2031 1001 omnes
2064 949 2526 1001 circumstancias
2560 949 2672 1000 loci
2706 950 2769 1002 et
2800 949 3064 1014 temporis
3092 960 3196 1013 par·

782 1033 933 1084 cium
955 1031 1180 1098 copule,
1204 1033 1264 1084 et
1295 1033 1591 1098 potissime
1627 1045 1698 1083 ex
1733 1032 2093 1084 confessione
2130 1031 2365 1082 alterius
2398 1032 2580 1097 partis
2610 1031 2833 1098 copule.
2859 1032 2931 1082 Et
2951 1045 3050 1097 pro
3068 1043 3196 1082 reso·

784 1113 1010 1167 lucione
1042 1115 1103 1166 in
1138 1115 1245 1167 hac
1279 1115 1537 1173 materia,
1564 1114 1613 1165 si
1639 1128 1837 1166 omnes
1861 1116 1960 1165 aut
1983 1113 2177 1180 plures
2200 1112 2505 1180 complices
2529 1116 2723 1166 essent
2750 1115 2923 1179 capti,
2948 1112 3202 1166 cessarent

783 1197 894 1263 ipsi
918 1199 977 1250 et
1000 1211 1196 1250 omnes
1219 1198 1472 1250 tautores
1498 1211 1697 1249 eorum
1721 1196 1955 1262 obloqui
1981 1198 2040 1250 et
2062 1209 2395 1263 oppugnare
2417 1197 2737 1249 veritatem.
2765 1197 2880 1249 Ubi
2903 1199 3082 1249 tamen
3097 1196 3200 1260 quis

782 1282 881 1332 aut
901 1280 1182 1345 replicare
1216 1280 1461 1332 voluerit
1481 1282 1683 1331 contra
1706 1281 1867 1347 prius
1903 1280 2055 1331 dicta
2077 1281 2175 1331 aut
2198 1279 2452 1347 allegare
2476 1280 2871 1344 quodcumque
2895 1278 3200 1343 exemplum,

783 1363 1037 1429 assignet
1075 1364 1140 1414 ut
1176 1363 1336 1427 prius
1376 1362 1586 1414 librum
1628 1365 1687 1415 et
1726 1377 1976 1427 passum,
2017 1365 2077 1416 et
2117 1362 2343 1416 Christo
2384 1364 2528 1415 duce
2569 1363 2797 1415 dabitur
2833 1363 2906 1414 ad
2951 1359 3206 1426 quodlibet

783 1448 1184 1511 argumentum
1218 1446 1316 1496 aut
1357 1445 1680 1510 exemplum
1720 1444 1967 1510 speciale
2006 1458 2364 1511 responsum,
2398 1446 2481 1498 ita
2514 1447 2578 1496 ut
2612 1446 2796 1497 omnis
2831 1445 3001 1496 homo
3032 1443 3205 1495 merito

782 1528 987 1580 debeat
1004 1528 1345 1580 contentari.
1367 1526 1442 1578 Et
1464 1528 1930 1589 adverte‚lector,
1945 1529 2114 1591 quod,
2136 1529 2183 1579 si
2210 1528 2492 1594 exempla,
2520 1542 2631 1593 que
2648 1530 2886 1594 possent
2907 1526 3131 1593 allegari
3151 1525 3207 1575 de

782 1610 1293 1676 transfiguracione
1341 1611 1646 1663 demonum
1692 1625 1795 1663 seu
1840 1609 2191 1676 possibilitas
2238 1611 2754 1678 representacionis
2798 1610 3085 1662 hominum
3123 1620 3209 1673 per

784 1694 1053 1745 demones
1087 1696 1147 1745 et
1178 1693 1612 1760 transfiguracio
1648 1694 1775 1758 ipsa
1806 1693 2051 1745 militare
2084 1696 2319 1758 possent
2340 1696 2400 1747 et
2433 1694 2622 1746 locum
2647 1694 2862 1746 habere
2896 1694 2970 1746 ad
2991 1691 3207 1756 calump-

781 1777 1051 1828 niandum
1085 1777 1185 1827 aut
1211 1776 1710 1840 [confundendum]
1741 1776 2140 1828 accusaciones
2177 1777 2236 1827 in
2271 1776 2825 1843 congregacionibus
2849 1775 3207 1829 Valdensium.

781 1860 980 1911 eadem
1013 1859 1244 1911 racione
1278 1859 1338 1910 in
1372 1858 1699 1923 patentibus
1733 1859 2089 1917 criminibus,
2122 1861 2187 1911 ut
2208 1859 2268 1910 in
2303 1860 2477 1920 furto,
2515 1859 2843 1919 homicidio,
2874 1858 3141 1911 adulterio
3161 1860 3210 1908 et

780 1942 989 1994 ceteris
1012 1941 1309 2001 eiusmodi,
1334 1954 1439 2006 per
1468 1943 1643 1994 testes
1667 1940 2066 1993 malefactores
2091 1943 2150 1994 et
2188 1941 2496 2007 complices
2536 1956 2649 1993 non
2690 1943 2928 2008 possent
2960 1937 3205 1999 convinci,

783 2025 1051 2089 quoniam
1091 2023 1411 2089 allegarent
1443 2023 1862 2084 malefactore&
1890 2024 2042 2088 quod
2078 2024 2348 2077 demones
2381 2026 2545 2077 erant
2576 2024 2701 2076 loco
2727 2026 3002 2090 ipsorum,
3022 2023 3141 2088 quia
3159 2034 3208 2072 se

784 2105 1025 2170 possunt
1041 2102 1473 2169 transfigurare,
1500 2104 1609 2155 etc.

782 2282 834 2337 9.
871 2283 954 2335 De
985 2284 1340 2338 revocatione
1371 2293 1423 2338 st
1455 2283 1833 2352 abneqacione
1869 2285 1965 2336 sut·
1997 2298 2159 2337 casus
2191 2292 2243 2338 et
2277 2285 2658 2338 accusacionis
2691 2281 2942 2336 aliorum
2971 2290 3087 2351 post
3104 2295 3206 2335 oon-

1457 2368 1756 2436 fcssionem
1779 2374 1829 2419 et
1850 2364 2102 2421 aliorum
2123 2369 2560 2421 accusacionem·

851 2516 918 2569 In
943 2529 1076 2568 vero
1101 2516 1311 2568 iudicio
1335 2518 1394 2569 et
1419 2516 1634 2582 optima
1664 2516 1903 2581 pratica,
1929 2516 2247 2581 postquam,
2274 2529 2468 2568 coram
2490 2515 2833 2579 inquisitore
2867 2516 2929 2567 et
2958 2512 3210 2567 iudicibus

787 2599 1200 2658 assistentibus,
1226 2600 1357 2658 etc„
1384 2598 1471 2651 vel
1508 2598 1845 2657 commissis,
1872 2600 1932 2651 et
1954 2599 2178 2650 notario
2208 2598 2297 2651 vel
2324 2599 2583 2657 notariis,
2610 2611 2683 2650 ex
2707 2611 2810 2650 ore
2832 2611 2936 2649 suo
2953 2607 3212 2664 prooesse·

786 2684 922 2742 rint,
935 2682 1146 2746 absque
1164 2682 1514 2734 immissione
1534 2682 1593 2733 in
1612 2696 1693 2738 os,
1709 2681 1885 2734 semel
1906 2681 2188 2734 confessio
2210 2682 2300 2733 sui
2320 2695 2484 2734 casus
2508 2683 2568 2733 et
2588 2681 2989 2733 accusaciones
3006 2680 3073 2732 de
3085 2677 3209 2735 aliis,

787 2768 951 2818 extra
983 2767 1263 2817 torturam
1302 2765 1566 2827 maxime,
1610 2768 1708 2818 aut
1746 2766 1796 2817 si
1836 2765 2020 2830 primo
2056 2766 2116 2816 in
2160 2767 2385 2817 tortura
2422 2767 2483 2817 et
2520 2766 2719 2829 postea
2757 2766 2925 2817 extra
2962 2765 3207 2816 torturam

786 2849 1004 2900 asserte
1027 2848 1144 2899 sint
1164 2861 1290 2900 esse
1313 2860 1467 2907 vere,
1493 2848 1543 2899 si
1563 2848 1626 2899 in
1649 2849 1779 2900 actu
1804 2847 1917 2900 alio
1940 2849 2140 2914 postea
2162 2850 2222 2900 et
2243 2850 2302 2900 in
2327 2847 2440 2900 alio
2466 2849 2698 2900 distanti
2734 2848 2994 2913 tempore
3025 2842 3209 2897 visitati

783 2931 1070 2988 revocent,
1110 2931 1426 2982 retractent
1468 2933 1528 2982 et
1572 2931 1861 2996 denegent
1899 2931 1958 2982 et
2001 2944 2195 2982 casum
2236 2944 2400 2982 suum
2442 2931 2502 2982 et
2539 2930 2939 2982 accusaciones
2978 2929 3048 2981 de
3085 2927 3208 2982 aliis,

785 3012 1052 3077 indignos
1076 3027 1138 3064 se
1161 3013 1410 3064 reddunt
1431 3014 1628 3079 gracia
1643 3016 1703 3065 et
1724 3013 2119 3066 misericordia
2141 3013 2403 3076 ecclesie,
2428 3014 2674 3065 maxime
2697 3013 2747 3064 si
2772 3025 2885 3064 non
2910 3012 3140 3064 redeant
3155 3007 3211 3060 ad

785 3109 847 3146 se
869 3094 1274 3146 reconfltentes
1306 3096 1534 3162 integre
1570 3096 1761 3149 omnia
1795 3099 1854 3148 et
1887 3097 2073 3161 quoad
2102 3110 2164 3148 se
2187 3097 2247 3148 et
2269 3096 2340 3148 de
2375 3096 2523 3155 aliis,
2550 3096 2819 3160 quoniam
2842 3097 2903 3148 et
2935 3098 3068 3147 tunc
3088 3093 3211 3144 idem

786 3179 876 3230 est
900 3178 1173 3229 iudicium
1198 3178 1451 3244 deipsis,
1478 3179 1703 3243 quando
1728 3193 1843 3230 non
1866 3180 2110 3231 redeunt
2132 3180 2203 3231 ad
2222 3179 2638 3231 confessionem
2656 3179 2963 3244 integram,
2987 3176 3141 3229 sicuti
3158 3174 3212 3225 de

786 3259 1056 3312 hereticis
1078 3260 1483 3324 pertinacibus,
1511 3263 1608 3325 qui
1633 3261 1846 3326 absque
1867 3261 2262 3313 misericordia
2286 3262 2590 3313 traduntur
2622 3261 2850 3312 iusticie
2881 3259 3134 3313 seculari.
3154 3255 3213 3307 Et

787 3343 836 3393 si
871 3356 984 3393 non
1019 3342 1275 3400 redeant,
1301 3344 1609 3407 suppositis
1642 3344 1970 3397 immediate
2004 3345 2188 3403 dictis,
2216 3346 2275 3397 et
2306 3345 2366 3394 in
2401 3344 2511 3395 hoc
2545 3343 2785 3395 articulo
2811 3345 2873 3395 et
2907 3344 2966 3395 in
3001 3339 3212 3394 articulo

784 3423 995 3475 valoris
1031 3425 1478 3484 accusacionum,
1516 3426 1586 3478 de
1621 3441 1732 3490 quo
1769 3428 1957 3488 antea,
1982 3428 2199 3479 iudices
2233 3428 2470 3492 propter
2503 3440 2663 3478 suam
2698 3426 3135 3492 denegacionem
3167 3422 3217 3472 et

784 3507 1211 3558 revocacionem
1235 3508 1442 3560 exinde
1469 3523 1580 3559 non
1605 3509 1816 3561 debent
1839 3510 2075 3568 moveri,
2096 3510 2229 3575 quia
2252 3510 2311 3562 ct
2334 3510 2627 3561 accusacio
2652 3522 2752 3560 seu
2776 3510 3059 3561 consessio
3082 3507 3145 3557 de
3164 3516 3214 3554 se

784 3590 844 3641 et
876 3590 948 3641 de
983 3589 1242 3641 omnibus
1278 3590 1407 3642 aliis
1439 3592 1589 3644 tacte
1625 3592 2024 3644 accusaciones
2059 3594 2193 3644 sunt
2215 3591 2434 3656 equalis
2459 3591 2671 3643 valoris
2704 3593 2765 3644 et
2784 3591 3074 3649 momenti,
3098 3585 3213 3640 acsi

786 3685 1013 3736 semper
1043 3675 1508 3737 perseverassent
1540 3675 1600 3725 in
1635 3676 1995 3727 confessione
2030 3689 2133 3727 sua
2167 3678 2225 3727 et
2248 3675 2307 3726 in
2333 3673 2796 3726 accusacionibus
2830 3674 2902 3726 de
2926 3672 3071 3731 aliis,
3095 3670 3215 3722 alias

786 3754 989 3809 stabile
1024 3758 1083 3807 et
1115 3757 1342 3808 firmum
1376 3757 1649 3810 iudicium
1685 3772 1798 3809 non
1833 3759 2027 3822 posset
2052 3758 2178 3810 fieri
2202 3771 2377 3824 super
2398 3758 2558 3823 ipsis,
2584 3770 2770 3820 neque
2792 3756 3027 3821 procedi
3048 3750 3217 3820 posset

786 3839 986 3890 contra
1007 3841 1319 3899 accusatos,
1345 3841 1405 3891 et
1427 3854 1624 3892 omnes
1648 3854 1710 3892 se
1733 3842 2071 3892 revocarent
2103 3842 2162 3893 et
2196 3839 2339 3892 nulli
2373 3840 2734 3905 punirentur,
2761 3839 2864 3892 sed
2899 3840 3049 3891 esset
3078 3834 3217 3888 labor

781 3921 1023 3981 inutilis,
1049 3922 1307 3974 infinitus
1332 3924 1391 3974 et
1413 3936 1590 3974 vanus
1616 3924 1884 3988 occupari
1907 3924 2061 3975 circa
2078 3922 2242 3986 tales,
2266 3935 2395 3974 cum
2419 3923 2536 3974 sint
2552 3923 2611 3974 in
2634 3921 2907 3974 continua
2921 3919 3216 3973 mutacione

786 4004 857 4056 de
881 4004 1243 4056 confessione
1268 4005 1327 4057 in
1349 4005 1803 4058 revocacionem.
2476 3999 2481 4004 ’

842 4086 1008 4146 Item,
1034 4102 1163 4138 cum
1187 4102 1248 4139 se
1271 4090 1559 4147 revocent,
1584 4089 1900 4141 retractent
1923 4090 1983 4141 et
2005 4090 2292 4157 denegent
2315 4088 2507 4140 omnia
2531 4089 2590 4140 in
2614 4089 2801 4140 morte
2824 4085 3214 4151 utplurimum,

781 4171 1294 4233 quantumcumque
1327 4171 1475 4223 bene
1509 4172 1980 4223 administrentur
2012 4173 2192 4225 eciam
2229 4186 2332 4237 per
2367 4172 2613 4236 optimos
2648 4172 2708 4222 et
2741 4171 3017 4223 discretos
3050 4176 3213 4219 sacer·

780 4251 960 4311 dotes,
986 4253 1046 4304 et
1068 4252 1211 4304 alios
1246 4252 1561 4306 deonerent
1592 4257 1653 4308 et
1688 4256 1967 4307 excusent
1998 4255 2059 4305 in
2094 4254 2430 4318 obsequium
2466 4255 2526 4306 et
2557 4254 2813 4305 favorem
2850 4250 3101 4306 demonis
3120 4247 3213 4299 hoc

784 4335 1167 4399 suggerentis,
1192 4336 1257 4386 ut
1277 4336 1432 4387 infra
1453 4337 1727 4403 tangitur,
1753 4337 1965 4390 iniuste
1998 4337 2350 4388 morirentur
2383 4338 2441 4388 et
2474 4336 2704 4388 iusticia
2726 4335 2963 4388 deberet
2984 4332 3212 4384 difien-e,

782 4415 915 4473 etc„
941 4428 1046 4466 nec
1078 4428 1185 4479 per
1217 4418 1507 4469 revocatas
1532 4419 1928 4471 accusaciones
1952 4418 2025 4470 de
2049 4418 2177 4470 aliis
2199 4419 2396 4483 posset
2417 4419 2619 4470 contra
2640 4430 2740 4468 eos
2762 4427 3063 4481 processus
3084 4406 3211 4462 fleri·

782 4496 934 4562 quod
974 4496 1164 4549 nullus
1209 4512 1345 4551 sane
1389 4500 1597 4551 mentis
1640 4503 1699 4552 et
1740 4502 1887 4552 recti
1932 4501 2131 4553 iudicii
2172 4501 2408 4552 diceret.
2445 4500 2646 4564 Neque
2687 4500 2880 4565 potest
2920 4496 3048 4554 dici.
3083 4487 3213 4556 (1⁰⁰⁶

777 4579 927 4631 iuste
961 4580 1271 4644 puniantur
1302 4582 1363 4632 et
1392 4581 1587 4645 puniri
1619 4582 1860 4647 possint,
1886 4596 1999 4633 non
2035 4582 2296 4635 obstante
2332 4583 2723 4641 revocacione,
2750 4583 2812 4633 et
2832 4579 2981 4644 quod
3002 4584 3208 4629 aecusa-

780 4663 975 4714 ciones
1009 4661 1081 4714 de
1115 4662 1236 4714 aliis
1269 4677 1382 4715 non
1418 4661 1663 4727 valeant,
1702 4678 1886 4728 neque
1918 4665 2156 4730 procedi
2192 4666 2375 4731 possit
2411 4667 2612 4718 contra
2650 4663 2813 4723 alios,
2840 4663 2937 4715 aut
2973 4658 3205 4713 econtra.
