3526 5522
761 600 864 651 102
1802 598 2012 652 ANNO
2051 598 2177 649 1460

759 766 866 817 bus
889 764 1272 824 valdensium,
1301 768 1434 818 sunt
1455 765 1685 831 dyaboli
1708 768 1768 819 et
1798 766 2058 833 dyabole.
2086 767 2198 819 Sed
2234 767 2443 826 dicere,
2470 766 2722 831 quodibi
2761 765 2905 819 nulli
2939 767 3065 817 sunt
3094 764 3187 815 viri

757 849 855 899 aut
870 846 1159 905 mulieres,
1173 850 1262 898 est
1276 849 1462 912 primo
1478 851 1734 903 incidere
1754 851 1814 901 in
1835 850 2259 908 inconveniens,
2278 851 2347 902 de
2366 864 2477 914 quo
2492 851 2653 914 prius
2669 851 2871 902 contra
2888 834 3183 902 articulum.

757 928 979 982 scilicet
1004 943 1018 980 t
1048 950 1075 972 α
1101 928 1364 982 Sanctam
1398 934 1638 986 matrem
1662 932 1963 985 ecclesiam
1988 932 2345 990 catholicam,
2380 935 2492 985 etc.
2517 955 2543 978 u
2571 932 2675 985 Est
2696 934 2966 998 preterea
2998 932 3189 982 temere

757 1013 907 1063 enim
932 1013 1237 1064 enunciare
1256 1013 1331 1073 id,
1361 1015 1512 1078 quod
1548 1015 1675 1080 quis
1701 1015 1850 1067 scire
1875 1016 2091 1078 nequit,
2120 1014 2229 1066 nisi
2254 1016 2330 1066 sit
2351 1015 2459 1066 sibi
2485 1014 2825 1067 revelatum.
2854 1013 2958 1065 Est
2978 1013 3188 1077 insuper

755 1093 1153 1146 irracionabile
1177 1095 1369 1148 dicere
1388 1098 1448 1148 et
1465 1097 1917 1163 inintelligibile,
1944 1098 2095 1161 quod
2114 1098 2224 1149 sibi
2247 1096 2356 1149 soli
2376 1099 2645 1150 demones
2663 1098 2724 1148 in
2741 1110 2881 1149 sexu
2904 1097 3058 1148 vario
3073 1109 3185 1145 con·

755 1178 986 1229 veniant
1007 1178 1066 1230 in
1089 1179 1426 1243 corporibus
1450 1181 1755 1244 assumptis
1780 1178 1937 1231 nullo
1962 1179 2076 1232 fine
2099 1181 2170 1232 ad
2206 1181 2602 1246 decipiendum
2625 1180 2889 1232 homines
2913 1181 2975 1233 et
2996 1178 3185 1241 absque

757 1258 883 1320 hoc,
904 1262 1054 1325 quod
1073 1262 1332 1315 homines
1351 1264 1467 1315 sint
1482 1265 1801 1330 presentes.
1815 1263 1977 1323 Quod
1996 1266 2184 1317 autem
2203 1264 2284 1316 ibi
2302 1264 2418 1315 sint
2434 1265 2733 1329 utriusque
2753 1277 2926 1317 sexus
2942 1261 3072 1320 vivi,
3086 1258 3190 1311 veri

756 1344 815 1393 et
836 1343 1021 1396 reales
1044 1343 1325 1404 homines,
1350 1348 1573 1398 constat
1607 1360 1677 1399 ex
1711 1347 2074 1411 processibus
2108 1349 2168 1399 et
2202 1347 2655 1400 confessionibus
2692 1348 2949 1412 ipsorum
2972 1342 3190 1396 Valden-

755 1425 921 1477 sium.
946 1426 1146 1491 Neque
1172 1429 1470 1493 quisquam
1493 1429 1708 1488 vivens,
1736 1429 1847 1480 nisi
1881 1432 2036 1481 esset
2065 1428 2364 1482 Valdensis
2397 1432 2460 1483 et
2479 1432 2752 1495 expertus
2777 1430 2878 1481 aut
2901 1427 3127 1479 vidisset
3145 1425 3191 1474 in

753 1508 974 1572 pratica
1008 1511 1069 1561 et
1101 1509 1265 1561 libris
1298 1512 1687 1563 consessiones
1721 1525 1789 1563 ac
1820 1524 2122 1577 processus
2157 1511 2543 1572 Valdensium,
2582 1513 2759 1564 sciret
2793 1510 3118 1576 confingere
3148 1508 3197 1558 et

754 1590 1085 1643 adinvenire
1111 1591 1283 1645 talem
1305 1594 1742 1653 contessionem,
1770 1594 1996 1658 qualem
2015 1596 2221 1648 recitat
2242 1609 2389 1646 unus
2413 1594 2718 1647 illiteratus
2735 1593 3056 1645 vuldensis.
3075 1589 3196 1649 Quis

755 1673 936 1724 eciam
960 1674 1151 1726 dicere
1176 1677 1235 1727 et
1253 1676 1538 1729 affirmare
1562 1691 1675 1728 non
1692 1677 1900 1742 potest,
1921 1691 2045 1730 esse
2063 1691 2280 1739 verum,
2301 1678 2451 1743 quod
2470 1678 2586 1729 sint
2603 1690 2737 1729 vere
2756 1677 2816 1728 et
2832 1672 3195 1742 personaliter

754 1756 814 1807 in
855 1758 1407 1824 congregacionibus
1447 1759 1562 1810 illis
1602 1758 1781 1824 aliqui
1822 1760 1929 1811 viri
1969 1762 2029 1812 et
2066 1760 2339 1813 mulieres
2378 1761 2438 1813 et
2477 1759 2576 1812 alii
2625 1758 3064 1825 representativi
3104 1768 3194 1820 per

756 1838 1044 1898 demones,
1071 1841 1180 1891 nisi
1203 1841 1279 1892 sit
1296 1842 1366 1893 de
1383 1842 1754 1907 complicibus
1774 1844 1873 1894 aut
1891 1843 1999 1894 nisi
2019 1844 2095 1895 sit
2111 1844 2221 1896 sibi
2237 1842 2583 1896 revelatum?
2600 1843 2800 1906 Neque
2823 1838 3195 1893 verisimiliter

754 1922 1026 1982 creditur,
1053 1925 1205 1987 quod
1242 1924 1394 1975 Deus
1427 1925 1788 1989 permitteret
1820 1924 2043 1990 aliquos
2076 1928 2409 1979 innocentes
2433 1926 2491 1978 in
2516 1926 2671 1978 secta
2692 1922 3083 1990 representari
3102 1933 3193 1986 per

751 2003 1042 2068 demones,
1069 2007 1129 2056 ut
1150 2008 1510 2070 punirentur,
1537 2009 1698 2072 quasi
1723 2010 1916 2061 essent
1950 2008 2022 2060 de
2057 2011 2230 2061 secta.
2256 2009 2322 2061 In
2346 2023 2516 2061 causa
2538 2009 2692 2060 enim
2717 2006 2843 2071 tali,
2868 2007 2920 2058 si
2942 2019 3047 2070 pro
3070 2017 3189 2054 vero

751 2088 1125 2153 reciperetur,
1147 2089 1243 2153 pie
1265 2090 1538 2149 creditur,
1559 2091 1711 2154 quod
1735 2092 1890 2143 Deus
1912 2091 2198 2144 revelaret
2213 2092 2497 2144 iudicibus
2526 2093 2623 2143 aut
2639 2102 2744 2156 per
2767 2088 3195 2154 inspiracionem

749 2170 915 2222 daret
935 2170 1021 2222 eis
1044 2185 1356 2237 agnoscere
1378 2174 1698 2240 veritatem,
1724 2188 1797 2226 ne
1820 2174 2093 2227 innocens
2117 2176 2188 2228 de
2211 2176 2368 2227 secta
2390 2175 2691 2241 puniretur
2710 2174 2781 2226 de
2800 2174 2978 2225 secta.
3004 2170 3194 2221 Preter

752 2251 860 2302 hoc
895 2252 1074 2304 eciam
1097 2254 1156 2305 in
1181 2268 1314 2305 casu
1339 2253 1439 2306 illo
1464 2269 1565 2307 seu
1589 2256 1649 2308 in
1672 2270 1808 2309 casu
1842 2257 2121 2322 possibili,
2149 2258 2247 2309 ubi
2281 2258 2365 2310 ita
2397 2258 2567 2320 esset,
2591 2256 2827 2321 provide
2862 2254 3082 2307 iudices
3102 2264 3195 2317 per

751 2336 1139 2389 consessiones
1155 2336 1519 2389 Valdensium
1543 2340 1604 2391 et
1623 2353 1924 2403 processus
1941 2354 2071 2392 cum
2090 2340 2350 2393 omnibus
2368 2338 2819 2392 circumstanciis
2835 2347 3194 2403 processuum

752 2419 1104 2485 attingerent
1125 2419 1622 2487 certitudinaliter,
1649 2423 1801 2486 quod
1826 2424 2018 2475 essent
2041 2422 2270 2488 dyaboli
2294 2423 2354 2475 et
2377 2421 2618 2489 dyabole
2644 2422 2704 2472 in
2738 2420 2856 2472 illis
2892 2429 3194 2486 congrega·

751 2500 1010 2553 cionibus
1036 2503 1095 2554 et
1118 2516 1231 2554 non
1255 2503 1517 2555 homines
1540 2504 1873 2557 innocentes
1890 2519 1995 2571 per
2012 2518 2111 2559 eos
2127 2505 2528 2572 representati,
2555 2504 2823 2569 quoniam
2846 2515 2921 2555 ex
2945 2500 3194 2568 superius

754 2583 919 2635 dictis
953 2585 1263 2637 valdenses
1297 2587 1728 2651 frequentantes
1766 2587 1911 2640 tales
1944 2588 2433 2656 congregaciones
2468 2601 2603 2639 vere
2637 2586 3037 2638 discernerent
3057 2585 3196 2634 inter

749 2666 1047 2719 mulierem
1100 2670 1159 2720 et
1204 2668 1522 2734 dyabolam‚
1576 2671 1981 2735 cuiuscumque
2037 2671 2295 2723 mulieris
2347 2669 2590 2737 dyabola
2638 2668 3191 2734 representaciouem

750 2750 985 2811 taceret,
1021 2753 1080 2804 et
1113 2750 1381 2805 similiter
1414 2753 1567 2805 inter
1599 2755 1785 2807 virum
1825 2755 1884 2806 et
1923 2754 2246 2821 dyabolum.
2284 2754 2575 2819 Quotquot
2608 2753 2760 2805 enim
2796 2749 3195 2804 accusaverunt

748 2831 1051 2886 Ieremiam
1086 2835 1462 2902 d’Auvergne‚
1490 2835 1927 2903 assignaverunt
1949 2850 2053 2904 pro
2089 2838 2225 2890 sede
2260 2838 2420 2889 iuxta
2454 2850 2579 2888 eam
2616 2838 2675 2888 et
2707 2837 2872 2900 parte
2906 2833 3113 2900 copule
3144 2831 3196 2883 et

750 2928 977 2982 semper
1022 2917 1354 2983 dyabolum3
1401 2920 1461 2971 et
1504 2919 1689 2971 solum
1735 2913 2039 2986 dyabolum
2085 2922 2144 2971 in
2194 2919 2743 2987 congregacionibus
2788 2917 3060 2970 habuisse
3099 2928 3193 2980 pro

747 2998 953 3063 copula
987 3000 1111 3064 ipsa
1142 2998 1388 3052 Ieremia
1419 3002 1682 3054 contessa
1714 3005 1820 3055 est.
1848 3003 1918 3055 Et
1951 3003 2218 3055 similiter
2250 3004 2310 3054 in
2347 3002 2475 3054 aliis
2509 3001 2871 3069 processibus
2908 2997 3193 3064 assignant

749 3080 848 3132 alii
904 3080 1215 3134 valdenses
1269 3084 1556 3136 interdum
1612 3085 1883 3151 dyabolas
1935 3087 1995 3139 et
2045 3086 2317 3152 dyabolos
2372 3099 2477 3150 pro
2533 3084 2790 3150 partibus
2845 3081 3191 3147 copularum,

747 3164 1164 3231 distinguentes
1207 3166 1359 3219 inter
1402 3168 1555 3219 viros
1601 3170 1660 3220 et
1700 3167 1993 3234 dyabolos,
2039 3169 2193 3222 inter
2236 3167 2508 3220 mulieres
2553 3169 2613 3219 et
2656 3164 2947 3232 dyabolas.
2991 3164 3068 3216 Et
3104 3162 3192 3213 ad·

745 3247 923 3305 verte,
965 3245 1163 3306 lector,
1198 3250 1348 3313 quod
1388 3250 1648 3316 accipere
1687 3250 1799 3302 hoc
1831 3266 1935 3316 pro
1971 3265 2125 3310 vero,
2164 3251 2272 3305 etsi
2305 3249 2581 3316 possibile
2613 3249 2708 3308 sit,
2733 3248 2845 3300 nisi
2880 3247 3029 3300 bene
3063 3259 3189 3297 con·

748 3331 945 3389 staret,
957 3333 1110 3382 esset
1125 3330 1498 3397 calumpniari
1517 3334 1693 3385 totam
1705 3333 2004 3386 veritatem
2021 3335 2186 3386 istius
2203 3333 2289 3386 rei
2314 3333 2373 3386 et
2389 3332 2668 3398 impedire
2685 3343 2913 3383 omnem
2929 3330 3190 3388 fructum,

745 3413 842 3477 qui
866 3414 1028 3477 sequi
1052 3414 1257 3467 exinde
1281 3417 1488 3480 potest,
1514 3417 1784 3480 quoniam
1807 3419 1962 3470 esset
1984 3418 2181 3469 eadem
2204 3417 2360 3469 racio
2387 3417 2458 3468 de
2483 3416 2816 3480 quibusdam
2853 3412 3191 3471 hominibus,

745 3495 896 3559 quod
917 3499 1453 3560 representarentur
1475 3511 1580 3564 per
1604 3500 1876 3552 demones
1901 3500 2000 3551 aut
2019 3500 2254 3564 possent
2276 3498 2666 3564 representari
2689 3496 2837 3548 sicut
2870 3496 2943 3547 de
2967 3494 3114 3552 aliis,
3139 3493 3192 3544 et

743 3577 825 3628 sic
849 3576 938 3630 vel
963 3577 1106 3631 nulli
1128 3581 1667 3646 representarentur
1700 3584 1800 3634 aut
1824 3596 2020 3634 omnes
2042 3581 2598 3647 representat-entur,
2625 3592 2867 3644 quorum
2894 3579 3192 3639 utrumque

707 3691 723 3714 .
742 3661 830 3711 est
851 3659 1273 3724 inconveniens,
1300 3664 1365 3715 ut
1398 3663 1537 3715 satis
1561 3665 1720 3728 patet
1743 3678 1815 3716 ex
1853 3665 2018 3717 dictis
2051 3665 2231 3730 prius.
2257 3664 2458 3727 Neque
2492 3664 2582 3715 est
2616 3661 2938 3719 dicendum,
2964 3660 3114 3724 quod
3138 3659 3189 3707 in

743 3741 860 3793 illis
881 3745 1431 3812 congregacionibus
1456 3745 1572 3797 sint
1595 3746 1834 3799 realiter
1854 3748 1915 3799 et
1936 3747 2057 3799 veri
2082 3747 2191 3799 viri
2216 3748 2275 3799 et
2306 3744 2579 3798 mulieres
2614 3745 2686 3796 de
2718 3743 2821 3795 vili
2854 3744 2916 3795 et
2936 3738 3189 3793 interiori

744 3826 894 3877 statu
933 3827 1172 3887 tantum,
1214 3830 1274 3880 et
1314 3842 1427 3880 non
1470 3828 1543 3881 de
1581 3828 1824 3882 honesto
1869 3831 1929 3883 et
1972 3843 2180 3897 magno
2222 3831 2393 3890 statu,
2444 3828 2555 3880 nisi
2601 3825 3057 3893 representative
3095 3833 3193 3888 per

745 3907 1031 3967 demones,
1054 3910 1324 3974 quoniam
1342 3910 1632 3963 interdum
1650 3912 1828 3977 aliqui
1852 3914 1984 3964 sunt
2008 3913 2080 3964 de
2097 3912 2338 3964 honesto
2362 3912 2516 3963 statu
2533 3909 2845 3963 secundum
2869 3905 3123 3960 seculum
3140 3906 3193 3955 et

740 3992 1167 4057 reputacionem
1189 3991 1453 4045 fallacem
1477 3994 1791 4058 hominum,
1816 3995 1913 4060 qui
1938 3995 2126 4047 minus
2153 3997 2288 4046 sunt
2307 3994 2633 4046 constantes
2654 3991 2887 4044 racione
2922 3991 2982 4042 et
3012 3987 3189 4053 magis

737 4072 1106 4140 deceptibiles
1147 4076 1207 4127 et
1251 4075 1552 4129 ductibiles
1593 4091 1665 4129 ex
1704 4077 1819 4130 fine
1869 4078 2054 4143 aliquo
2096 4078 2168 4129 ad
2210 4077 2422 4129 sectam
2457 4074 2615 4128 illam
2648 4074 2783 4133 hiis,
2822 4073 2921 4138 qui
2955 4071 3089 4124 sunt
3121 4069 3187 4121 de

737 4155 932 4209 infimo
950 4158 1120 4218 statu,
1142 4171 1328 4223 neque
1351 4161 1642 4225 reputacio
1662 4163 1721 4213 et
1734 4160 1889 4213 tama
1904 4161 2170 4219 humana,
2192 4173 2303 4225 que
2321 4158 2626 4224 aliquando
2644 4156 2821 4210 fallax
2844 4157 2936 4209 est
2950 4155 3009 4207 et
3022 4152 3182 4208 msa.

736 4240 836 4290 aut
873 4239 1054 4292 eciam
1093 4242 1455 4294 conversacio
1492 4242 1735 4296 honesta
1775 4244 1846 4296 ad
1887 4245 2051 4296 extra
2089 4245 2150 4296 et
2188 4245 2354 4309 signa
2393 4241 2687 4294 exteriora
2727 4236 3053 4292 devocionis
3094 4233 3188 4287 aut

741 4334 963 4385 queque
987 4322 1125 4375 talia
1141 4338 1399 4389 usquam.
1420 4339 1530 4390 que
1549 4325 1736 4378 locum
1761 4326 1976 4380 habent
1996 4329 2056 4379 in
2079 4327 2322 4379 materia
2341 4326 2400 4379 et
2421 4339 2556 4377 casu
2574 4322 2943 4376 Valdensium
2959 4320 3190 4387 propter

737 4403 1180 4459 occultacionem
1204 4420 1387 4468 casus,
1414 4410 1510 4473 qui
1535 4410 1949 4462 secretissimus
1974 4411 2081 4474 est,
2108 4412 2167 4462 et
2188 4410 2422 4474 propter
2445 4406 2908 4474 singularitatem
2930 4401 3186 4455 materie.

740 4500 1077 4551 quamquam
1117 4489 1177 4540 iu
1216 4491 1380 4554 parte
1421 4504 1456 4543 a
1493 4491 1778 4544 iudicibus
1816 4494 2047 4557 pensari
2089 4492 2334 4546 debeant
2375 4492 2434 4544 et
2473 4489 2692 4542 librari.
2736 4487 2877 4540 Esto
2918 4485 3095 4540 eciam
3134 4483 3191 4533 et

737 4581 1026 4634 concesso,
1069 4571 1220 4635 quod
1259 4585 1457 4624 verum
1496 4575 1876 4628 communiter
1918 4575 2192 4639 creditur,
2236 4574 2388 4639 quod
2429 4572 2691 4626 homines
2737 4571 2809 4624 de
2854 4569 2969 4622 alto
3012 4567 3076 4617 et
3119 4563 3188 4615 de

740 4652 980 4706 honesto
1015 4654 1166 4706 statu
1201 4655 1317 4706 sint
1349 4656 1533 4721 magis
1567 4657 1829 4721 vigentes
1861 4659 2094 4710 racione
2129 4657 2189 4709 et
2221 4656 2548 4709 constantes
2584 4656 2754 4719 atque
2793 4666 2864 4705 ex
2904 4665 2965 4703 se
3002 4647 3187 4701 mitius
