3526 5522
673 661 740 715 40
1621 654 1834 708 ANNO
1872 652 2019 715 1372,
2058 652 2187 704 1374

672 827 1009 881 mandantes
1043 823 1321 887 quatenus
1356 820 1581 873 dilectis
1614 816 1753 869 flliis
1792 818 1854 868 in
1895 816 2012 868 tuis
2053 815 2287 867 civitate
2326 815 2386 867 et
2426 814 2660 880 dyocesi
2699 815 3135 879 inquisitoribus

674 910 931 962 heretice
955 904 1275 972 pravitatis,
1291 903 1660 969 presentibus
1679 902 1737 952 et
1759 899 1992 957 tuturis,
2012 898 2072 948 in
2092 898 2222 956 hiis,
2246 911 2356 961 que
2374 897 2672 961 pravitatis
2692 898 3136 961 extirpationem

675 994 736 1043 et
790 990 925 1042 fidei
980 988 1348 1054 augmentum
1399 983 1773 1040 concernunt,
1832 982 2098 1045 prompte
2155 981 2389 1030 assistas
2446 978 2722 1036 consiliis,
2782 978 3015 1031 auxiliis
3071 982 3133 1031 et

678 1072 972 1124 favoribus
994 1069 1310 1135 oportunis.

1195 1180 1567 1236 Bibliotheek
1610 1193 1718 1231 van
1767 1174 2209 1234 Woltenbuttel,
2267 1174 2659 1227 Helmstadter
2716 1173 2833 1226 HS.
2892 1183 2955 1224 nr
3007 1173 3108 1225 277
3120 1189 3136 1237 3

1258 1263 1567 1330 atgedrukt
1586 1262 1729 1312 door
1751 1260 1912 1311 Prot.
1941 1258 2015 1309 H.
2041 1258 2246 1315 Finke,
2277 1258 2337 1308 in
2365 1253 2658 1310 Remis-che
2683 1254 3138 1324 Quartalseluifl,

1263 1345 1410 1407 1896,
1455 1344 1596 1396 Hert
1626 1343 1725 1400 IV,
1767 1340 1875 1393 blz.
1924 1340 2042 1399 526,
2085 1353 2241 1391 waar
2286 1338 2364 1403 hij
2409 1339 2544 1404 gist,
2589 1338 2687 1389 dat
2728 1340 2814 1389 dit
2851 1338 2987 1389 stuk
3029 1349 3138 1390 een

1261 1426 1500 1492 vervolg
1539 1424 1622 1476 zal
1665 1425 1922 1491 geweest
1959 1423 2068 1486 ziin
2113 1435 2185 1485 op
2228 1421 2299 1473 de
2338 1420 2437 1472 bul
2475 1433 2585 1471 van
2621 1419 2957 1472 denzeltden
2997 1433 3142 1484 paus

1264 1511 1350 1560 tot
1375 1506 1727 1571 aanstelling
1750 1519 1858 1557 van
1883 1504 2259 1567 inquisiteurs
2293 1503 2354 1553 in
2390 1503 2461 1553 de
2484 1501 2826 1569 geestelijke
2851 1501 3136 1567 gebieden

1262 1604 1372 1642 van
1414 1589 1618 1648 Mainz,
1668 1587 1917 1648 Keulen,
1963 1585 2227 1644 Utrecht,
2279 1584 2571 1650 salzburg,
2624 1583 3019 1649 Maagdeburg
3062 1597 3138 1635 en

1270 1672 1518 1725 Bremen
1541 1671 1624 1736 (23
1646 1671 1682 1722 J
1687 1668 1770 1720 uli
1796 1669 1944 1728 1372,
1978 1665 2189 1734 Corpus
2213 1666 2262 1729 1,
2290 1676 2349 1718 nr
2371 1667 2486 1723 215,
2514 1665 2622 1717 blz.
2649 1664 2919 1731 222-224).

1693 1888 1806 1953 30
1859 1877 2129 1969 (222118).

792 2110 1002 2182 1374,
1042 2103 1202 2169 Juli
1245 2110 1358 2182 15,
1398 2100 1806 2187 September
1841 2098 2359 2165 14-N0vember
2390 2105 2426 2163 1
2467 2115 2556 2163 en
2582 2099 2791 2174 later,
2827 2093 3021 2161 Luik
3058 2115 3149 2163 en

691 2201 1157 2269 Luikerland.
1189 2203 1535 2266 Uittreksel
1572 2204 1671 2265 uit
1702 2201 1780 2262 de
1815 2195 2217 2280 chronique
2251 2194 2577 2281 libyeoise
2610 2194 2699 2261 de
2751 2202 2937 2261 1402
2985 2213 3149 2260 over

687 2304 766 2366 de
816 2305 1092 2364 Dansers
1126 2304 1192 2363 te
1240 2300 1448 2376 ARen,
1491 2299 1895 2373 Maastricht,
1938 2297 2222 2372 Herstal,
2263 2293 2329 2358 S‘
2372 2294 2662 2358 Leonard
2697 2311 2778 2356 en
2813 2294 3001 2356 Luik.
3059 2329 3142 2340 —

687 2404 841 2462 Zeer
891 2398 1255 2477 omstandig
1290 2398 1573 2470 verhaal,
1612 2396 1840 2460 vooral
1893 2411 2020 2456 van
2070 2394 2148 2457 de
2182 2395 2471 2473 geheime
2504 2394 3015 2470 samenzwering
3047 2394 3151 2455 tot

687 2497 1125 2574 uitmoording
1174 2496 1288 2557 der
1320 2493 1804 2574 geestelijkheid
1838 2510 1920 2554 en
1952 2509 2078 2554 van
2119 2492 2197 2553 de
2246 2491 2586 2569 verJ'aging
2627 2491 2740 2551 der
2771 2489 3035 2551 'duivels
3085 2492 3152 2552 te

686 2594 877 2657 Luik.
921 2596 1107 2671 (Deze
1156 2593 1417 2671 kronijk
1464 2594 1636 2671 geeft
1673 2606 2008 2669 nagenoeg
2050 2590 2331 2651 dezelfde
2367 2588 2921 2666 bijzonderheden,
2960 2604 3152 2650 maer

686 2695 818 2754 met
888 2691 1124 2754 andere
1188 2690 1525 2766 woorden,
1598 2689 1696 2751 als
1762 2688 2139 2766 Radulphus
2198 2687 2279 2749 de
2335 2688 2526 2749 Rivo.
2591 2687 2697 2749 Zie
2758 2682 3027 2768 Corpus
3089 2687 3146 2759 I,

694 2790 818 2853 blz.
855 2784 1241 2872 232-235.)

753 2962 969 3014 Eodem
1004 2976 1152 3014 anno
1190 2963 1280 3026 [w
1308 2959 1671 3022 ooonxxnmL
1707 2960 1768 3009 in
1806 2959 1949 3011 festo
1991 2957 2288 3009 divisionis
2322 2954 2712 3021 apostolorum
2734 2957 2829 3021 (1),
2865 2960 3154 3009 venerunt

689 3044 919 3108 quidam
954 3044 1286 3095 dansatores
1319 3042 1632 3106 promiscui
1666 3054 1859 3099 sexus,
1885 3042 2002 3092 tam
2035 3039 2146 3090 viri
2181 3051 2352 3102 quam
2384 3038 2619 3096 femine,
2644 3038 2833 3102 primo
2865 3038 3047 3101 Aquis
3082 3040 3157 3090 ad

691 3125 1107 3177 dedicationem
1152 3124 1413 3188 eiusdem
1463 3122 1704 3175 ecclesie
1752 3123 1997 3173 Domine
2045 3123 2269 3184 30311·ος
2318 3121 2471 3172 unde
2518 3119 2803 3171 saltabant
2857 3119 2972 3172 alte
3019 3122 3157 3172 ante

692 3206 876 3257 altare
910 3208 971 3257 et
1001 3205 1350 3257 recedebant
1383 3218 1557 3268 super
1590 3205 1768 3268 pedes
1805 3218 1968 3265 suos3
2005 3203 2157 3253 unde
2191 3202 2453 3254 videntes
2476 3215 2576 3253 eos
2601 3202 2982 3253 terrebantur.
3009 3200 3157 3253 Inde

691 3290 972 3338 venerunt
1006 3287 1335 3350 Traiectum
1377 3288 1834 3350 receperuntque
1876 3284 2073 3349 plures
2110 3283 2511 3348 Trajectenses
2548 3284 2932 3350 egritudinem
2968 3281 3154 3335 illam.

693 3369 905 3419 Postea
936 3370 1219 3419 venerunt
1253 3366 1632 3418 Harstallium
1666 3366 1738 3417 ad
1774 3363 2076 3418 ecclesiam
2114 3366 2279 3416 beate
2314 3364 2496 3415 Maris.
2532 3364 2806 3430 Virginis,
2840 3364 2940 3416 ubi
2974 3364 3158 3428 aliqui

691 3450 929 3501 fuerunt
962 3449 1147 3500 sanati
1181 3450 1239 3500 et
1271 3446 1634 3511 reliquerunt
1666 3446 1749 3498 ibi
1785 3444 1992 3498 tuellas
2026 3459 2179 3504 suas,
2216 3445 2368 3497 unde
2401 3445 2799 3511 cingebantur,
2825 3446 2885 3496 in
2922 3446 3158 3511 signum

696 3531 1012 3582 curationis
1045 3544 1147 3582 sue
1181 3530 1254 3581 ad
1288 3529 1567 3581 honorem
1603 3530 1846 3581 Domine
1882 3530 2097 3580 nostre.
2125 3528 2292 3579 Circa
2310 3529 2523 3579 festum
2557 3526 2922 3580 exaltationis
2958 3531 3161 3579 sancte

695 3613 892 3664 Crucis
916 3612 989 3676 (2)
1025 3613 1305 3663 venerunt
1328 3611 1400 3662 ad
1425 3610 1693 3662 Sanctum
1728 3611 2091 3661 Leonardum
2127 3622 2309 3675 prope
2343 3610 2643 3669 Leodium.
2678 3610 2814 3661 inde
2848 3609 3157 3674 Leodium3

695 3702 755 3745 et
778 3693 1033 3757 quotidie
1058 3691 1608 3756 multiplicabantur,
1634 3692 1787 3744 unde
1811 3690 1978 3742 multi
2001 3691 2388 3742 terrebantur.

760 3774 829 3826 In
873 3774 1023 3825 testo
1070 3774 1254 3824 sancti
1300 3773 1559 3824 Severini
1587 3773 1681 3837 (3),
1731 3786 1861 3824 cum
1901 3773 2185 3824 dedicatio
2227 3775 2382 3824 esset
2420 3772 2663 3825 ecclesie
2709 3772 2915 3824 Sancte
2953 3773 3166 3840 *Crucis

698 3855 917 3915 Leodii,
940 3855 1171 3918 quidam
1189 3854 1426 3906 scolaris
1445 3855 1692 3906 servitor
1711 3853 1910 3905 altaris
1928 3855 2083 3918 cepit
2100 3854 2159 3904 in
2178 3856 2433 3918 vesperis
2451 3853 2652 3906 ludere
2675 3868 2805 3906 cum
2828 3854 3125 3906 thuribulo
3147 3870 3161 3905 :

696 3937 848 3988 unde
873 3936 1088 3987 domini
1109 3936 1374 3987 ridebant
1397 3936 1665 4000 putantes
1689 3949 1820 3987 eum
1844 3949 1972 3987 esse
1995 3935 2239 3986 ebrium.
2266 3937 2410 3987 Post
2443 3948 2711 4001 vesperas
2746 3937 2937 3987 autem
2960 3938 3165 3988 exiens

698 4018 998 4070 ecclesiam
1037 4017 1192 4081 cepit
1231 4017 1464 4068 fortiter
1503 4017 1748 4068 dansare
1788 4019 1848 4069 et
1886 4016 2116 4068 saltare.
2164 4016 2329 4075 Quod
2369 4018 2630 4070 videntes
2673 4016 2872 4069 clerici
2919 4017 3167 4070 ecclesie

699 4098 957 4152 tulerunt
1001 4112 1131 4150 eum
1175 4098 1236 4149 in
1283 4096 1596 4149 claustrum
1648 4098 1855 4151 Sancte
1912 4099 2137 4158 Crucis;
2186 4099 2270 4150 ibi
2325 4100 2562 4152 veniens
2618 4100 2690 4151 ad
2746 4112 2877 4151 eum
2932 4099 3166 4162 quidam

762 4393 839 4454 (1)
874 4390 938 4440 15
968 4388 1109 4441 Juli.

765 4474 840 4536 (2)
876 4470 939 4521 14
975 4470 1331 4537 September.

769 4554 841 4618 (3)
875 4554 938 4605 21
987 4554 1048 4603 01
1090 4553 1155 4604 23
1201 4552 1467 4613 October.
1525 4553 1767 4621 volgens
1825 4554 1923 4606 dat
1979 4555 2049 4607 de
2106 4555 2233 4613 11101·
2287 4555 2566 4609 bedoelde
2621 4556 2839 4625 heilige
2892 4557 3163 4624 bisschop

706 4634 1010 4689 Severinus
1046 4634 1141 4688 die
1173 4648 1281 4687 van
1316 4636 1620 4688 Bordeaux
1656 4638 1716 4687 01
1747 4649 1858 4688 van
1892 4635 2120 4689 Keulen
2154 4650 2293 4690 was.
