3526 5522
677 594 739 646 12
1516 599 1725 655 ANNO
1759 599 1889 653 132⁷
1891 599 2064 660 -1328,
2107 600 2232 652 1335

671 760 879 813 talibus
925 762 1160 815 inficere
1205 767 1497 828 presumat
1540 766 1849 819 auditores.
1900 766 2258 820 Contrarium
2304 766 2601 825 iacientes,
2654 768 2849 832 preter
2900 782 3110 834 penam

671 844 999 908 predictam,
1025 858 1128 910 pro
1156 846 1491 909 quibusdam
1516 862 1712 899 eorum
1735 851 2019 912 tamquam
2039 848 2445 901 hereticalibus
2467 851 2527 902 et
2547 862 2652 914 pro
2674 849 2804 902 aliis
2821 851 3111 917 tamquam

672 926 951 989 suspectis
975 927 1046 979 de
1071 928 1260 980 heresi
1284 931 1343 980 et
1370 931 1693 982 temerariis
1715 932 2046 995 puniantur.

673 1091 711 1141 d
737 1006 822 1141 Eg
853 1007 998 1143 {gilo
1045 1011 1509 1063 constItutionem
1553 1013 1734 1064 edidit
1774 1013 2035 1064 dominus
2072 1012 2383 1074 Johannes,
2430 1026 2577 1066 auno
2617 1015 2977 1079 pontificatus
3014 1030 3085 1068 su

713 1104 785 1142 uo
827 1105 860 1144 e
975 1107 1007 1144 o
1028 1093 1120 1158 (1).

1201 1207 1362 1260 Liber
1400 1207 1471 1261 de
1508 1209 1672 1263 rebus
1719 1210 2199 1272 memorabilibus,
2243 1213 2361 1264 sive
2409 1209 2717 1264 chronicon
2766 1210 2994 1265 Henrici
3035 1213 3115 1266 de

1259 1290 1610 1345 Hereum-dia
1645 1291 1812 1360 (uitg.
1852 1293 2116 1345 Potthast
2153 1292 2320 1358 1859),
2357 1293 2458 1345 blz.
2483 1292 2723 1345 247-248.
2748 1321 2816 1332 —
2837 1296 2985 1348 Deze
3006 1295 3112 1348 bul

1264 1374 1421 1426 werd
1477 1375 1618 1426 door
1674 1374 2016 1443 d'Argentre
2073 1376 2183 1437 (zie
2235 1377 2379 1442 ziJne
2430 1375 2561 1429 coll.
2605 1376 2794 1445 judic.
2856 1377 2924 1429 de
2977 1392 3108 1430 nov.

1257 1456 1559 1516 erroribus,
1597 1456 1725 1510 deel
1757 1457 1805 1518 1,
1846 1458 1951 1510 blz.
1989 1458 2129 1524 312),
2166 1459 2286 1510 niet
2320 1460 2803 1526 teruggevonden.
2845 1459 2931 1524 ffil
2976 1473 3112 1511 ver-

1252 1537 1431 1591 meldt
1453 1539 1722 1599 evenwel,
1751 1540 1847 1591 dat
1869 1541 1946 1606 hii
1971 1554 2034 1593 er
2056 1555 2161 1593 een
2186 1541 2448 1593 aischrist
2468 1555 2576 1592 van
2595 1541 2680 1593 uit
2703 1541 2802 1593 het
2828 1537 3111 1593 Vatikaan

1254 1621 1618 1675 vervachtte.
1662 1652 1724 1660 —
1771 1622 2068 1686 Mosheim,
2127 1623 2203 1675 De
2265 1620 2577 1689 Beqhardis
2619 1630 2670 1674 et
2728 1621 3110 1690 Requinabus,

1255 1703 1361 1755 blz.
1406 1703 1522 1765 283,
1559 1707 1716 1772 geeit
1747 1706 1906 1769 bijna
1938 1704 2270 1758 denzeliden
2306 1706 2511 1758 korten
2555 1704 2771 1757 inhoud
2814 1719 2951 1757 naar
2994 1707 3108 1758 den

1257 1786 1768 1853 kroniJkschrijver
1801 1787 2162 1840 Hermannus
2197 1788 2536 1848 CoerneruS,
2573 1788 2633 1839 ot
2665 1787 2829 1840 beter
2851 1787 3107 1851 Korner,

1250 1869 1342 1921 die
1376 1870 1436 1921 in
1472 1870 1543 1922 de
1579 1870 1694 1921 15do
1729 1884 1890 1923 eeuw
1925 1869 2153 1923 schreei
2174 1884 2246 1922 en
2270 1871 2414 1936 zijne
2436 1869 2668 1935 kronijk
2702 1868 3110 1937 grootendeels

1254 1951 1340 2003 uit
1363 1952 1455 2005 die
1478 1966 1584 2004 van
1609 1953 1872 2006 Hendrik
1895 1967 2002 2006 van
2026 1953 2320 2006 Herevord
2345 1954 2524 2018 putte.

1706 2173 1810 2238 13
1862 2164 2083 2255 (187⁴).

774 2378 983 2448 1335,
1054 2372 1298 2436 Maart
1360 2376 1428 2447 6,
1494 2369 1789 2435 Keulen.
1853 2372 2043 2434 Bevel
2099 2389 2223 2436 van
2280 2372 2753 2453 aartsbisschop
2811 2374 3110 2437 Walram

670 2474 858 2550 tegen
892 2471 970 2534 de
1002 2472 1373 2551 Beggarden
1406 2487 1485 2534 en
1519 2473 1797 2533 Zusters.
1837 2505 1918 2517 —
1963 2468 2066 2535 Na
2097 2470 2439 2535 herinnerd
2470 2475 2537 2535 te
2568 2472 2813 2536 hebben
2837 2490 2962 2538 aan
2993 2474 3114 2536 het

666 2569 847 2633 bevel
895 2587 1021 2634 van
1053 2572 1262 2649 zijnen
1309 2585 1715 2649 voorganger
1749 2568 2037 2631 Hendrik
2069 2569 2135 2651 (1
2151 2568 2341 2652 307),
2383 2571 2648 2649 waarbij
2678 2571 2827 2634 deze
2859 2570 3112 2635 ketters

666 2670 761 2731 uit
809 2669 935 2748 zijn
985 2669 1317 2749 geestelijk
1365 2668 1586 2748 gebied
1627 2669 1956 2748 gebennen
2004 2669 2286 2745 werden,
2344 2670 2588 2733 beveelt
2640 2670 2926 2733 Walram
2976 2687 3110 2733 aan

664 2769 828 2847 zijne
877 2770 1155 2850 geestelij
1163 2767 1378 2845 kheid‚
1443 2769 1680 2832 zonder
1727 2769 2159 2847 mededoogen
2207 2771 2396 2849 tegen
2453 2769 2530 2831 de
2596 2771 2964 2852 Beggarden
3022 2787 3109 2832 en

668 2870 921 2931 Zusters
946 2885 1027 2930 en
1057 2868 1275 2931 bunne
1307 2867 1749 2947 begunstigers
1782 2870 1847 2930 te
1879 2866 2064 2931 werk
2098 2870 2164 2929 te
2196 2884 2386 2947 gaan.

726 3021 1075 3081 Walramus,
1144 3022 1249 3074 Dei
1315 3023 1503 3089 gratia
1564 3021 1796 3074 sanctae
1858 3022 2212 3074 coloniensis
2273 3021 2549 3074 ecclesiae
2612 3021 3105 3088 archiepiscopus,

668 3106 827 3159 Sacri
860 3104 1093 3171 Imperii
1127 3119 1234 3171 per
1269 3104 1495 3157 Italiam
1530 3104 2086 3164 archicancellarius,
2112 3106 2241 3165 etc„
2269 3104 2491 3157 dilectis
2527 3100 2843 3163 abbatibus,
2867 3117 3108 3170 praepo·

669 3190 813 3247 sitis,
863 3189 1094 3241 decanis
1134 3188 1504 3240 ecclesiarum
1539 3187 1994 3253 collegiatarum,
2035 3201 2253 3240 necnon
2306 3187 2564 3254 collegiis
2609 3190 2667 3240 et
2708 3188 3099 3249 conventibus,

665 3287 731 3324 ac
782 3272 1013 3324 decanis
1070 3270 1570 3328 christianitatum,
1627 3270 1887 3335 plebanis
1944 3272 2003 3321 et
2057 3283 2255 3321 eorum
2304 3270 2457 3322 vices
2503 3271 2836 3336 gerentibus
2883 3284 3103 3322 necnon

666 3355 926 3406 omnibus
967 3356 1025 3406 et
1062 3353 1305 3419 singulis
1344 3351 1569 3405 clericis
1610 3352 1997 3404 saecularibus
2040 3353 2098 3404 et
2136 3351 2423 3418 religiosis
2465 3367 2530 3405 ac
2568 3350 2847 3405 universis
2891 3350 3107 3405 Christi

671 3436 932 3489 fidelibus
957 3439 1279 3488 nostrarum
1303 3436 1547 3487 civitatis
1572 3437 1631 3487 et
1656 3435 1953 3493 dioecesis,
1982 3434 2222 3487 salutem
2244 3435 2303 3486 in
2330 3435 2570 3486 Domino
2595 3436 3013 3500 sempiternam.

736 3518 886 3572 Olim
940 3520 1122 3570 bonae
1184 3518 1494 3571 memoriae
1554 3517 1857 3575 Henricus,
1916 3517 2325 3582 praedecessor
2386 3519 2597 3575 noster,
2658 3517 2936 3576 homines,
2998 3517 3099 3581 qui

671 3602 961 3669 Beggardi
1012 3604 1070 3654 et
1125 3601 1484 3653 Suestriones
1542 3598 1920 3664 appellantur,
1979 3601 2216 3665 propter
2271 3600 2442 3651 vitam
2499 3602 2558 3651 et
2614 3600 3104 3652 conversationem

556 3738 562 3744 ,
668 3697 868 3735 eorum
904 3686 1241 3748 suspectam,
1280 3695 1477 3734 eorum
1513 3684 1724 3732 sectam
1759 3681 1997 3745 cupiens
2031 3681 2340 3746 extirpare.
2370 3696 2459 3742 ne,
2485 3683 2882 3734 communione
2906 3694 3108 3733 eorum

665 3765 1004 3831 periculosa,
1054 3767 1415 3818 caeterorum
1463 3763 1677 3816 Christi
1724 3763 1981 3815 fidelium
2036 3777 2273 3830 gregem
2320 3765 2585 3827 tanquam
2632 3777 2765 3816 oves
2812 3764 3108 3817 morbidae

667 3849 1123 3914 coinquinarent,
1165 3860 1466 3913 processus
1501 3847 1773 3911 quosdam
1809 3847 1963 3906 tecit,
2000 3846 2060 3897 in
2096 3846 2300 3911 quibus
2335 3859 2451 3907 eos,
2487 3846 2800 3898 monitione
2835 3847 3110 3899 canonica

668 3932 995 3998 praemissa,
1035 3944 1195 3982 suam
1229 3928 1521 3995 praecepit
1562 3920 1722 3980 exire
1758 3929 2064 3998 dioecesin,
2102 3930 2179 3991 et,
2216 3928 2265 3979 si
2301 3930 2398 3993 qui
2431 3942 2662 3981 manere
2698 3925 2958 3992 debeant,
2999 3928 3107 3981 sub

666 4016 839 4067 certis
874 4014 1057 4066 modis
1093 4015 1153 4064 et
1190 4011 1614 4063 conditionibus
1653 4012 1886 4062 fuerant
1933 4011 2281 4075 remansuri3
2329 4012 2597 4077 ipsosque
2635 4010 3011 4077 postmodum,
3054 4012 3109 4063 si

664 4098 1030 4149 remanerent
1070 4108 1171 4146 seu
1211 4094 1284 4144 ad
1322 4106 1482 4144 suam
1524 4094 1884 4145 reverterent
1926 4093 2213 4145 dioecesin
2261 4095 2320 4146 et
2358 4094 2644 4146 civitatem
2683 4093 2773 4146 vel
2821 4094 3104 4156 venirent,

666 4194 767 4232 seu
808 4177 1088 4230 mandatis
1132 4176 1251 4227 suis
1291 4173 1611 4225 salubribus
1654 4189 1767 4226 non
1808 4177 2094 4240 parerent,
2133 4176 2446 4227 monitione
2481 4174 2741 4242 legitima
2772 4174 3105 4241 praemissa.

598 4250 603 4255 ’
671 4259 1203 4320 excommunicavit,
1246 4259 1307 4308 et
1346 4257 1864 4309 excommunicatos
1897 4258 2186 4309 mandavit
2224 4256 2451 4323 publice
2486 4258 2837 4319 denunciari,
2873 4259 2932 4309 et
2964 4256 3111 4309 alios

747 4554 821 4622 (l)
866 4553 981 4606 Het
1039 4553 1149 4605 12(ιο
1209 4554 1335 4619 jaar
1389 4567 1497 4606 van
1554 4554 1655 4606 het
1707 4556 2025 4623 pausschap
2082 4570 2189 4609 van
2241 4556 2278 4610 J
2283 4556 2535 4610 ohannes
2590 4555 2758 4608 XXII
2811 4558 2946 4623 gaat
2997 4569 3106 4609 van

684 4639 719 4689 5
738 4637 1034 4706 Augustus
1058 4636 1186 4688 1327
1211 4638 1297 4689 tot
1315 4637 1348 4687 5
1370 4638 1520 4705 Aug.
1550 4635 1694 4689 1328.
1717 4664 1787 4679 ·-
1808 4637 2145 4707 d’Argentre
2175 4638 2387 4706 plaatst
2405 4641 2499 4694 die
2520 4638 2618 4693 bul
2641 4640 2700 4692 in
2726 4638 2872 4691 1328.
